@article{bagging,
    title = {{A bagging {\{}SVM{\}} to learn from positive and unlabeled examples}},
    year = {2014},
    journal = {Pattern Recognition Letters},
    author = {Mordelet, Fantine and Vert, Jean-Philippe},
    pages = {201--209},
    volume = {37},
    doi = {10.1016/j.patrec.2013.06.010}
}

@inproceedings{W18-2310,
    title = {{A Neural Autoencoder Approach for Document Ranking and Query Refinement in Pharmacogenomic Information Retrieval}},
    year = {2018},
    booktitle = {Proceedings of the BioNLP 2018 workshop},
    author = {Pfeiffer, Jonas and Broscheit, Samuel and Gemulla, Rainer and G{\"{o}}schl, Mathias},
    pages = {87--97},
    publisher = {Association for Computational Linguistics},
    url = {http://aclweb.org/anthology/W18-2310}
}

@article{Zheng2016,
    title = {{A neural network framework for relation extraction: Learning entity semantic and relation pattern}},
    year = {2016},
    journal = {Knowledge-Based Systems},
    author = {Zheng, Suncong and Xu, Jiaming and Zhou, Peng and Bao, Hongyun and Qi, Zhenyu and Xu, Bo},
    month = {12},
    pages = {12--23},
    volume = {114},
    publisher = {Elsevier},
    url = {http://www.sciencedirect.com/science/article/pii/S0950705116303501?via%3Dihub http://linkinghub.elsevier.com/retrieve/pii/S0950705116303501},
    doi = {10.1016/j.knosys.2016.09.019},
    issn = {09507051}
}

@article{Cohen2017,
    title = {{A publicly available benchmark for biomedical dataset retrieval: the reference standard for the 2016 bioCADDIE dataset retrieval challenge}},
    year = {2017},
    journal = {Database},
    author = {Cohen, Trevor and Roberts, Kirk and Gururaj, Anupama E. and Chen, Xiaoling and Pournejati, Saeid and Alter, George and Hersh, William R. and Demner-Fushman, Dina and Ohno-Machado, Lucila and Xu, Hua},
    month = {1},
    pages = {sdata201618},
    volume = {3},
    publisher = {Springer, New York,},
    url = {http://fdslive.oup.com/www.oup.com/pdf/production_in_progress.pdf},
    doi = {10.1093/database/bax061},
    issn = {1758-0463}
}

@article{Neves2014a,
    title = {{A survey on annotation tools for the biomedical literature}},
    year = {2014},
    journal = {Briefings in Bioinformatics},
    author = {Neves, M. and Leser, U.},
    number = {2},
    month = {3},
    pages = {327--340},
    volume = {15},
    url = {http://www.ncbi.nlm.nih.gov/pubmed/23255168 https://academic.oup.com/bib/article-lookup/doi/10.1093/bib/bbs084},
    doi = {10.1093/bib/bbs084},
    issn = {1467-5463},
    pmid = {23255168},
    keywords = {annotation tools, curation tools, gold standard corpora, text mining}
}

@article{Czarnecki2012,
    title = {{A text-mining system for extracting metabolic reactions from full-text articles}},
    year = {2012},
    journal = {BMC Bioinformatics},
    author = {Czarnecki, Jan and Nobeli, Irene and Smith, Adrian M and Shepherd, Adrian J},
    number = {1},
    pages = {172},
    volume = {13},
    url = {http://www.biomedcentral.com/1471-2105/13/172 http://bmcbioinformatics.biomedcentral.com/articles/10.1186/1471-2105-13-172},
    doi = {10.1186/1471-2105-13-172},
    issn = {1471-2105}
}

@inproceedings{kupiec,
    title = {{A trainable document summarizer}},
    year = {1995},
    booktitle = {Proceedings of the 18th annual international ACM SIGIR conference on Research and development in information retrieval - SIGIR '95},
    author = {Kupiec, Julian and Pedersen, Jan and Chen, Francine},
    editor = {Fox, Edward A and Ingwersen, Peter and Fidel, Raya},
    pages = {68--73},
    publisher = {ACM Press},
    url = {http://doi.acm.org/10.1145/215206.215333 http://portal.acm.org/citation.cfm?doid=215206.215333},
    address = {New York, New York, USA},
    isbn = {0897917146},
    doi = {10.1145/215206.215333}
}

@article{Settles2005,
    title = {{ABNER: an open source tool for automatically tagging genes, proteins and other entity names in text}},
    year = {2005},
    journal = {Bioinformatics},
    author = {Settles, B.},
    number = {14},
    month = {7},
    pages = {3191--3192},
    volume = {21},
    publisher = {Oxford University Press},
    url = {https://academic.oup.com/bioinformatics/article-lookup/doi/10.1093/bioinformatics/bti475},
    doi = {10.1093/bioinformatics/bti475},
    issn = {1367-4803}
}

@inproceedings{Gavves2015,
    title = {{Active Transfer Learning with Zero-Shot Priors: Reusing Past Datasets for Future Tasks}},
    year = {2015},
    booktitle = {2015 IEEE International Conference on Computer Vision (ICCV)},
    author = {Gavves, E. and Mensink, T. and Tommasi, T. and Snoek, C. G. M. and Tuytelaars, T.},
    month = {12},
    pages = {2731--2739},
    volume = {2015 Inter},
    publisher = {IEEE},
    url = {http://ieeexplore.ieee.org/document/7410670/ https://arxiv.org/pdf/1510.01544.pdf},
    isbn = {978-1-4673-8391-2},
    doi = {10.1109/ICCV.2015.313},
    issn = {15505499},
    arxivId = {1510.01544}
}

@article{Kingma2014,
    title = {{Adam: A Method for Stochastic Optimization}},
    year = {2014},
    author = {Kingma, Diederik P and Ba, Jimmy},
    month = {12},
    pages = {1--15},
    url = {https://arxiv.org/pdf/1412.6980.pdf https://arxiv.org/abs/1412.6980 http://arxiv.org/abs/1412.6980},
    arxivId = {1412.6980}
}

@article{Neves2014,
    title = {{An analysis on the entity annotations in biological corpora}},
    year = {2014},
    journal = {F1000Research},
    author = {Neves, Mariana},
    month = {4},
    pages = {96},
    volume = {3},
    publisher = {Faculty of 1000 Ltd},
    url = {http://www.ncbi.nlm.nih.gov/pubmed/25254099 http://www.pubmedcentral.nih.gov/articlerender.fcgi?artid=PMC4168744 http://f1000research.com/articles/3-96/v1},
    doi = {10.12688/f1000research.3216.1},
    issn = {2046-1402},
    pmid = {25254099}
}

@inproceedings{Romera-paredes2015,
    title = {{An embarrassingly simple approach to zero-shot learning}},
    year = {2015},
    booktitle = {Proceedings of the 32nd international conference on Machine learning (ICML '15)},
    author = {Romera-paredes, Bernardino and Torr, Philip H. S.},
    pages = {2152–2161},
    volume = {37},
    url = {http://jmlr.org/proceedings/papers/v37/romera-paredes15.pdf%5Cnhttp://jmlr.org/proceedings/papers/v37/romera-paredes15-supp.pdf},
    isbn = {9781510810587}
}

@article{svd,
    title = {{An Introduction to Variable and Feature Selection}},
    year = {2003},
    journal = {Journal of Machine Learning Research},
    author = {Guyon, Isabelle and Elisseeff, André},
    pages = {1157--1182},
    volume = {3},
    url = {http://www.jmlr.org/papers/v3/guyon03a.html}
}

@article{Aronson2010,
    title = {{An overview of MetaMap: historical perspective and recent advances}},
    year = {2010},
    journal = {Journal of the American Medical Informatics Association},
    author = {Aronson, Alan R and Lang, Fran?ois-Michel},
    number = {3},
    month = {5},
    pages = {229--236},
    volume = {17},
    url = {http://jamia.bmj.com/content/17/3/229.full.html http://jamia.bmj.com/content/17/3/229.full.html#ref-list-1 http://jamia.bmj.com/cgi/reprintform https://academic.oup.com/jamia/article-lookup/doi/10.1136/jamia.2009.002733},
    doi = {10.1136/jamia.2009.002733},
    issn = {1067-5027}
}

@article{Aronson2010a,
    title = {{An overview of MetaMap: historical perspective and recent advances}},
    year = {2010},
    journal = {Journal of the American Medical Informatics Association},
    author = {Aronson, Alan R and Lang, Fran?ois-Michel},
    number = {3},
    month = {5},
    pages = {229--236},
    volume = {17},
    url = {http://jamia.bmj.com/content/17/3/229.full.html http://jamia.bmj.com/content/17/3/229.full.html#ref-list-1 http://jamia.bmj.com/cgi/reprintform https://academic.oup.com/jamia/article-lookup/doi/10.1136/jamia.2009.002733},
    doi = {10.1136/jamia.2009.002733},
    issn = {1067-5027}
}

@article{Li2015a,
    title = {{Annotating chemicals, diseases, and their interactions in biomedical literature}},
    year = {2015},
    journal = {Proceedings of the fifth BioCreative challenge evaluation workshop, Sevilla, Spain},
    author = {Li, Jiao and Sun, Yueping and Johnson, R and Sciaky, Daniela and Wei, Chih-Hsuan and Leaman, Robert and Davis, Allan Peter and Mattingly, Carolyn J and Wiegers, Thomas C and Lu, Zhiyong},
    pages = {173--182},
    keywords = {BioNLP, CTD, Corpus Annotation, PubTator 173, Text Mining}
}

@article{Fleuren2015,
    title = {{Application of text mining in the biomedical domain}},
    year = {2015},
    journal = {Methods},
    author = {Fleuren, Wilco W.M. and Alkema, Wynand},
    month = {3},
    pages = {97--106},
    volume = {74},
    url = {http://linkinghub.elsevier.com/retrieve/pii/S1046202315000274},
    doi = {10.1016/j.ymeth.2015.01.015},
    issn = {10462023},
    keywords = {Automatic information extraction, Biomedical research, Drug discovery, Natural language processing, Ontology, Text mining}
}

@article{Korkontzelos2012,
    title = {{ASCOT: a text mining-based web-service for efficient search and assisted creation of clinical trials}},
    year = {2012},
    journal = {BMC Medical Informatics and Decision Making},
    author = {Korkontzelos, Ioannis and Mu, Tingting and Ananiadou, Sophia},
    number = {Suppl 1},
    pages = {S3},
    volume = {12},
    url = {https://www.ncbi.nlm.nih.gov/pmc/articles/PMC3339391/pdf/1472-6947-12-S1-S3.pdf http://bmcmedinformdecismak.biomedcentral.com/articles/10.1186/1472-6947-12-S1-S3},
    doi = {10.1186/1472-6947-12-S1-S3},
    issn = {1472-6947}
}

@article{Fontelo,
    title = {{ask MEDLINE: a free-text, natural language query tool for MEDLINE/PubMed}},
    year = {2005},
    journal = {BMC Medical Informatics and Decision Making},
    author = {Fontelo, Paul and Liu, Fang and Ackerman, Michael},
    number = {1},
    month = {12},
    pages = {5},
    volume = {5},
    url = {https://www.ncbi.nlm.nih.gov/pmc/articles/PMC1079856/pdf/1472-6947-5-5.pdf http://bmcmedinformdecismak.biomedcentral.com/articles/10.1186/1472-6947-5-5},
    doi = {10.1186/1472-6947-5-5},
    issn = {1472-6947}
}

@article{Kwon2014,
    title = {{Assisting manual literature curation for protein-protein interactions using BioQRator}},
    year = {2014},
    journal = {Database},
    author = {Kwon, Dongseop and Kim, Sun and Shin, S.-Y. and Chatr-aryamontri, Andrew and Wilbur, W John},
    month = {7},
    pages = {bau067-bau067},
    volume = {2014},
    publisher = {Oxford University Press},
    url = {http://www.ncbi.nlm.nih.gov/pubmed/25052701 http://www.pubmedcentral.nih.gov/articlerender.fcgi?artid=PMC4105708 https://academic.oup.com/database/article-lookup/doi/10.1093/database/bau067},
    doi = {10.1093/database/bau067},
    issn = {1758-0463},
    pmid = {25052701}
}

@article{Kim2011,
    title = {{Automatic classification of sentences to support Evidence Based Medicine}},
    year = {2011},
    journal = {BMC Bioinformatics},
    author = {Kim, Su N. and Martinez, David and Cavedon, Lawrence and Yencken, Lars},
    number = {SUPPL. 2},
    month = {3},
    pages = {S5},
    volume = {12},
    publisher = {BioMed Central},
    url = {http://bmcbioinformatics.biomedcentral.com/articles/10.1186/1471-2105-12-S2-S5},
    isbn = {1471-2105},
    doi = {10.1186/1471-2105-12-S1-S5},
    issn = {14712105},
    pmid = {21489224},
    keywords = {Algorithms, Bioinformatics, Combinatorial Libraries, Computational Biology/Bioinformatics, Computer Appl. in Life Sciences, Microarrays}
}

@article{kim,
    title = {{Automatic classification of sentences to support Evidence Based Medicine}},
    year = {2011},
    journal = {{\{}BMC{\}} Bioinformatics},
    author = {Kim, Su and Mart{\textbackslash}'{\textbackslash}inez, David and Cavedon, Lawrence and Yencken, Lars},
    number = {S-2},
    pages = {S5},
    volume = {12},
    url = {https://doi.org/10.1186/1471-2105-12-S2-S5},
    doi = {10.1186/1471-2105-12-S2-S5}
}

@inproceedings{Liu2014,
    title = {{Automatic Image Attribute Selection for Zero-Shot Learning of Object Categories}},
    year = {2014},
    booktitle = {2014 22nd International Conference on Pattern Recognition},
    author = {Liu, Liangchen and Wiliem, Arnold and Chen, Shaokang and Lovell, Brian C.},
    month = {8},
    pages = {2619--2624},
    publisher = {IEEE},
    url = {http://ieeexplore.ieee.org/document/6977165/},
    isbn = {978-1-4799-5209-0},
    doi = {10.1109/ICPR.2014.452},
    issn = {10514651}
}

@article{Baker2015,
    title = {{Automatic semantic classification of scientific literature according to the hallmarks of cancer}},
    year = {2016},
    journal = {Bioinformatics},
    author = {Baker, Simon and Silins, Ilona and Guo, Yufan and Ali, Imran and H{\"{o}}gberg, Johan and Stenius, Ulla and Korhonen, Anna},
    number = {3},
    month = {2},
    pages = {432--440},
    volume = {32},
    url = {http://www.ncbi.nlm.nih.gov/pubmed/26454282 https://academic.oup.com/bioinformatics/article-lookup/doi/10.1093/bioinformatics/btv585},
    isbn = {13674811 (Electronic)},
    doi = {10.1093/bioinformatics/btv585},
    issn = {1367-4803},
    pmid = {26454282}
}

@article{agarwal,
    title = {{Automatically classifying sentences in full-text biomedical articles into Introduction, Methods, Results and Discussion}},
    year = {2009},
    journal = {Bioinformatics},
    author = {Agarwal, Shashank and Yu, Hong},
    number = {23},
    pages = {3174--3180},
    volume = {25},
    doi = {10.1093/bioinformatics/btp548}
}

@inproceedings{Leaman2008a,
    title = {{BANNER: AN EXECUTABLE SURVEY OF ADVANCES IN BIOMEDICAL NAMED ENTITY RECOGNITION}},
    year = {2007},
    booktitle = {Biocomputing 2008},
    author = {LEAMAN, ROBERT and GONZALEZ, GRACIELA},
    month = {12},
    pages = {652--663},
    volume = {663},
    publisher = {WORLD SCIENTIFIC},
    url = {http://www.ncbi.nlm.nih.gov/pubmed/18229723 http://www.worldscientific.com/doi/abs/10.1142/9789812776136_0062},
    isbn = {978-981-277-608-2},
    doi = {10.1142/9789812776136{\_}0062},
    issn = {2335-6936},
    pmid = {18229723}
}

@article{Leaman2008,
    title = {{BANNER: an executable survey of advances in biomedical named entity recognition.}},
    year = {2008},
    journal = {Pacific Symposium on Biocomputing.},
    author = {Leaman, Robert and Gonzalez, Graciela},
    pages = {652--663},
    volume = {663},
    doi = {10.1.1.606.1901}
}

@article{Leaman2008b,
    title = {{BANNER: an executable survey of advances in biomedical named entity recognition.}},
    year = {2008},
    journal = {Pacific Symposium on Biocomputing.},
    author = {Leaman, Robert and Gonzalez, Graciela},
    pages = {652--663},
    volume = {663},
    url = {http://www.ncbi.nlm.nih.gov/pubmed/18229723},
    isbn = {2335-6936 (Print)},
    doi = {10.1142/9789812776136{\_}0062},
    issn = {2335-6936},
    pmid = {18229723}
}

@article{Klein2014,
    title = {{Benchmarking infrastructure for mutation text mining}},
    year = {2014},
    journal = {Journal of Biomedical Semantics},
    author = {Klein, Artjom and Riazanov, Alexandre and Hindle, Matthew M and Baker, Christopher Jo},
    number = {1},
    month = {2},
    pages = {11},
    volume = {5},
    publisher = {BioMed Central},
    url = {http://www.ncbi.nlm.nih.gov/pubmed/24568600 http://www.pubmedcentral.nih.gov/articlerender.fcgi?artid=PMC3939821 http://jbiomedsem.biomedcentral.com/articles/10.1186/2041-1480-5-11},
    doi = {10.1186/2041-1480-5-11},
    issn = {2041-1480},
    pmid = {24568600}
}

@article{Federer,
    title = {{Big Data Mining and Adverse Event Pattern Analysis in Clinical Drug Trials}},
    year = {2016},
    journal = {ASSAY and Drug Development Technologies},
    author = {Federer, Callie and Yoo, Minjae and Tan, Aik Choon},
    number = {10},
    month = {12},
    pages = {557--566},
    volume = {14},
    url = {https://www.ncbi.nlm.nih.gov/pmc/articles/PMC5175440/pdf/adt.2016.742.pdf http://online.liebertpub.com/doi/10.1089/adt.2016.742},
    doi = {10.1089/adt.2016.742},
    issn = {1540-658X},
    keywords = {adverse events, big data mining, bioinformatics, clinical drug trials, pattern analysis}
}

@article{Singer2017,
    title = {{Bioinformatics for precision oncology}},
    year = {2017},
    journal = {Briefings in Bioinformatics},
    author = {Singer, Jochen and Irmisch, Anja and Ruscheweyh, Hans-Joachim and Singer, Franziska and Toussaint, Nora C and Levesque, Mitchell P and Stekhoven, Daniel J and Beerenwinkel, Niko},
    number = {1},
    month = {12},
    volume = {1},
    url = {http://academic.oup.com/bib/advance-article/doi/10.1093/bib/bbx143/4758621},
    doi = {10.1093/bib/bbx143},
    issn = {1467-5463}
}

@book{kumar2014biomedical,
    title = {{Biomedical Literature Mining}},
    year = {2014},
    author = {Kumar, Vinod D and Tipney, Hannah Jane},
    publisher = {Springer}
}

@book{Walker,
    title = {{Biomedical Literature Mining IN Series Editor}},
    author = {Walker, John M},
    isbn = {9781493907083}
}

@article{Zhu2013,
    title = {{Biomedical text mining and its applications in cancer research}},
    year = {2013},
    journal = {Journal of Biomedical Informatics},
    author = {Zhu, Fei and Patumcharoenpol, Preecha and Zhang, Cheng and Yang, Yang and Chan, Jonathan and Meechai, Asawin and Vongsangnak, Wanwipa and Shen, Bairong},
    number = {2},
    month = {4},
    pages = {200--211},
    volume = {46},
    url = {http://linkinghub.elsevier.com/retrieve/pii/S1532046412001712},
    isbn = {1532-0464},
    doi = {10.1016/j.jbi.2012.10.007},
    issn = {15320464},
    pmid = {23159498},
    keywords = {Biomedical text, Cancer, Systems biology, Text mining}
}

@article{Korkontzelos2015,
    title = {{Boosting drug named entity recognition using an aggregate classifier}},
    year = {2015},
    journal = {Artificial Intelligence in Medicine},
    author = {Korkontzelos, Ioannis and Piliouras, Dimitrios and Dowsey, Andrew W. and Ananiadou, Sophia},
    number = {2},
    pages = {145--153},
    volume = {65},
    publisher = {Elsevier B.V.},
    url = {http://dx.doi.org/10.1016/j.artmed.2015.05.007},
    isbn = {18732860 (Electronic)},
    doi = {10.1016/j.artmed.2015.05.007},
    issn = {18732860},
    pmid = {26116947},
    keywords = {Drug named entity recognition, Genetic-programming-evolved string-similarity patt, Gold-standard vs. silver-standard annotations, Named entity annotation sparsity, Named entity recogniser aggregation}
}

@article{Stenetorp2012,
    title = {{BRAT : a Web-based Tool for NLP-Assisted Text Annotation}},
    year = {2012},
    journal = {Proceedings of the Demonstrations at the 13th Conference of the European Chapter of the Association for Computational Linguistics (EACL '12)},
    author = {Stenetorp, Pontus and Pyysalo, Sampo and Topi, Goran and Ohta, Tomoko and Ananiadou, Sophia and Tsujii, Jun'ichi},
    number = {Figure 1},
    pages = {102--107},
    url = {http://delivery.acm.org/10.1145/2390000/2380942/p102-stenetorp.pdf?ip=141.20.31.103&id=2380942&acc=OPEN&key=2BA2C432AB83DA15.04C410D892D772C0.4D4702B0C3E38B35.6D218144511F3437&CFID=771041417&CFTOKEN=70130434&__acm__=1496922263_4d7679d64ac77196e50518facd40}
}

@inproceedings{biased,
    title = {{Building Text Classifiers Using Positive and Unlabeled Examples}},
    year = {2003},
    booktitle = {Proceedings of the 3rd {\{}IEEE{\}} International Conference on Data Mining {\{}(ICDM{\}} 2003), Melbourne, Florida, {\{}USA{\}}},
    author = {Liu, Bing and Dai, Yang and Li, Xiaoli and Lee, Wee Sun and Yu, Philip S},
    pages = {179--188},
    publisher = {{\{}IEEE{\}} Computer Society},
    doi = {10.1109/ICDM.2003.1250918}
}

@article{Baker2017,
    title = {{Cancer Hallmarks Analytics Tool (CHAT): a text mining approach to organize and evaluate scientific literature on cancer}},
    year = {2017},
    journal = {Bioinformatics},
    author = {Baker, Simon and Ali, Imran and Silins, Ilona and Pyysalo, Sampo and Guo, Yufan and H{\"{o}}gberg, Johan and Stenius, Ulla and Korhonen, Anna},
    month = {7},
    url = {http://academic.oup.com/bioinformatics/article/doi/10.1093/bioinformatics/btx454/3965324/Cancer-Hallmarks-Analytics-Tool-CHAT-a-text-mining},
    doi = {10.1093/bioinformatics/btx454},
    issn = {1367-4803}
}

@misc{StatisticsExplained,
    title = {{Cancer statistics - Statistics Explained}},
    year = {2017},
    author = {{Statistics Explained}},
    url = {http://ec.europa.eu/eurostat/statistics-explained/index.php/Cancer_statistics#Deaths_from_cancer}
}

@inproceedings{mcknight,
    title = {{Categorization of Sentence Types in Medical Abstracts}},
    year = {2003},
    booktitle = {American Medical Informatics Association Annual Symposium, Washington, DC, USA},
    author = {McKnight, Larry and Srinivasan, Padmini},
    publisher = {AMIA},
    url = {http://knowledge.amia.org/amia-55142-a2003a-1.616734/t-001-1.619623/f-001-1.619624/a-089-1.619835/a-090-1.619832}
}

@article{McKnight2003,
    title = {{Categorization of sentence types in medical abstracts.}},
    year = {2003},
    journal = {AMIA ... Annual Symposium proceedings / AMIA Symposium. AMIA Symposium},
    author = {McKnight, Larry and Srinivasan, Padmini},
    pages = {440--4},
    volume = {2003},
    publisher = {American Medical Informatics Association},
    url = {http://www.ncbi.nlm.nih.gov/pubmed/14728211 http://www.pubmedcentral.nih.gov/articlerender.fcgi?artid=PMC1479904 http://www.pubmedcentral.nih.gov/articlerender.fcgi?artid=1479904&tool=pmcentrez&rendertype=abstract},
    isbn = {1942-597X (Electronic)},
    doi = {D030003164 [pii]},
    issn = {1942-597X},
    pmid = {14728211},
    keywords = {Abstracting and Indexing as Topic, Artificial Intelligence, Linear Models, Linguistics, MEDLINE, ROC Curve, Randomized Controlled Trials as Topic}
}

@article{DeMatos2010,
    title = {{ChEBI: a chemistry ontology and database}},
    year = {2010},
    journal = {Journal of Cheminformatics},
    author = {De Matos, Paula and Dekker, A and Ennis, M and Hastings, Janna and Haug, K and Turner, S and Steinbeck, Christoph},
    number = {Suppl 1},
    pages = {P6},
    volume = {2},
    publisher = {Springer International Publishing},
    url = {http://jcheminf.springeropen.com/articles/10.1186/1758-2946-2-S1-P6},
    isbn = {17582946},
    doi = {10.1186/1758-2946-2-S1-P6},
    issn = {1758-2946}
}

@article{Rocktaschel2012,
    title = {{Chemspot: A hybrid system for chemical named entity recognition}},
    year = {2012},
    journal = {Bioinformatics},
    author = {Rockt{\"{a}}schel, Tim and Weidlich, Michael and Leser, Ulf},
    number = {12},
    month = {6},
    pages = {1633--1640},
    volume = {28},
    publisher = {Oxford University Press},
    url = {https://academic.oup.com/bioinformatics/article-lookup/doi/10.1093/bioinformatics/bts183},
    isbn = {1367-4811 (Electronic){\textbackslash}n1367-4803 (Linking)},
    doi = {10.1093/bioinformatics/bts183},
    issn = {13674803},
    pmid = {22500000}
}

@article{Griffith2017,
    title = {{CIViC is a community knowledgebase for expert crowdsourcing the clinical interpretation of variants in cancer}},
    year = {2017},
    journal = {Nature Genetics},
    author = {Griffith, Malachi and Spies, Nicholas C and Krysiak, Kilannin and McMichael, Joshua F and Coffman, Adam C and Danos, Arpad M and Ainscough, Benjamin J and Ramirez, Cody A and Rieke, Damian T and Kujan, Lynzey and Barnell, Erica K and Wagner, Alex H and Skidmore, Zachary L and Wollam, Amber and Liu, Connor J and Jones, Martin R and Bilski, Rachel L and Lesurf, Robert and Feng, Yan-Yang and Shah, Nakul M and Bonakdar, Melika and Trani, Lee and Matlock, Matthew and Ramu, Avinash and Campbell, Katie M and Spies, Gregory C and Graubert, Aaron P and Gangavarapu, Karthik and Eldred, James M and Larson, David E and Walker, Jason R and Good, Benjamin M and Wu, Chunlei and Su, Andrew I and Dienstmann, Rodrigo and Margolin, Adam A and Tamborero, David and Lopez-Bigas, Nuria and Jones, Steven J M and Bose, Ron and Spencer, David H and Wartman, Lukas D and Wilson, Richard K and Mardis, Elaine R and Griffith, Obi L},
    number = {2},
    month = {1},
    pages = {170--174},
    volume = {49},
    url = {http://www.ncbi.nlm.nih.gov/pubmed/28138153 http://www.pubmedcentral.nih.gov/articlerender.fcgi?artid=PMC5367263 http://www.nature.com/doifinder/10.1038/ng.3774},
    doi = {10.1038/ng.3774},
    issn = {1061-4036},
    pmid = {28138153}
}

@article{Goeuriot2017,
    title = {{CLEF 2017 eHealth Evaluation Lab Overview}},
    year = {2017},
    journal = {CLEF 2017 - 8th Conference and Labs of the Evaluation Forum, Lecture Notes in Computer Science (LNCS)},
    author = {Goeuriot, Lorraine and Kelly, Liadh and Suominen, Hanna and N{\'{e}}v{\'{e}}ol, Aurélie and Robert, Aude and Kanoulas, Evangelos and Spijker, Rene and Palotti, João and Zuccon, Guido},
    publisher = {Springer}
}

@article{Neveol,
    title = {{CLEF eHealth 2017 Multilingual Information Extraction task overview: ICD10 coding of death certificates in English and French.}},
    year = {2017},
    journal = {CLEF 2017 Evaluation Labs and Workshop: Online Working Notes, CEUR-WS},
    author = {N{\'{e}}v{\'{e}}ol, Aurélie and Anderson, Robert N. and Cohen, K. Bretonnel and Grouin, Cyril and Lavergne, Thomas and Rey, Grégoire and Robert, Aude and Rondet, Claire and Zweigenbaum, Pierre}
}

@inproceedings{Casillas2017,
    title = {{Clinical text mining for efficient extraction of drug-allergy reactions}},
    year = {2017},
    booktitle = {Proceedings - 2016 IEEE International Conference on Bioinformatics and Biomedicine, BIBM 2016},
    author = {Casillas, Arantza and Gojenola, Koldo and Perez, Alicia and Oronoz, Maite},
    pages = {946--952},
    url = {https://www.computer.org/csdl/proceedings/bibm/2016/1611/00/07822651.pdf},
    isbn = {9781509016105},
    doi = {10.1109/BIBM.2016.7822651}
}

@article{Mockus2016a,
    title = {{Clinical Trials in Precision Oncology}},
    year = {2016},
    journal = {Clinical Chemistry},
    author = {Mockus, Susan M and Patterson, Sara E and Statz, Cara and Bult, Carol J and Tsongalis, Gregory J},
    number = {3},
    month = {3},
    pages = {442--448},
    volume = {62},
    publisher = {Clinical Chemistry},
    url = {http://www.ncbi.nlm.nih.gov/pubmed/26607725 http://clinchem.aaccjnls.org/content/clinchem/62/3/442.full.pdf http://www.clinchem.org/cgi/doi/10.1373/clinchem.2015.247437},
    doi = {10.1373/clinchem.2015.247437},
    issn = {0009-9147},
    pmid = {26607725}
}

@article{Landrum2016,
    title = {{ClinVar: public archive of interpretations of clinically relevant variants}},
    year = {2016},
    journal = {Nucleic Acids Research},
    author = {Landrum, Melissa J. and Lee, Jennifer M. and Benson, Mark and Brown, Garth and Chao, Chen and Chitipiralla, Shanmuga and Gu, Baoshan and Hart, Jennifer and Hoffman, Douglas and Hoover, Jeffrey and Jang, Wonhee and Katz, Kenneth and Ovetsky, Michael and Riley, George and Sethi, Amanjeev and Tully, Ray and Villamarin-Salomon, Ricardo and Rubinstein, Wendy and Maglott, Donna R.},
    number = {D1},
    month = {1},
    pages = {D862-D868},
    volume = {44},
    url = {http://www.ncbi.nlm.nih.gov/pubmed/26582918 http://www.pubmedcentral.nih.gov/articlerender.fcgi?artid=PMC4702865 https://academic.oup.com/nar/article-lookup/doi/10.1093/nar/gkv1222},
    doi = {10.1093/nar/gkv1222},
    issn = {0305-1048},
    pmid = {26582918}
}

@article{Landrum,
    title = {{ClinVar: public archive of relationships among sequence variation and human phenotype}},
    year = {2014},
    journal = {Nucleic Acids Research},
    author = {Landrum, Melissa J and Lee, Jennifer M and Riley, George R and Jang, Wonhee and Rubinstein, Wendy S and Church, Deanna M and Maglott, Donna R},
    number = {D1},
    month = {1},
    pages = {D980-D985},
    volume = {42},
    url = {https://www.ncbi.nlm.nih.gov/pmc/articles/PMC3965032/pdf/gkt1113.pdf https://academic.oup.com/nar/article-lookup/doi/10.1093/nar/gkt1113},
    doi = {10.1093/nar/gkt1113},
    issn = {0305-1048}
}

@article{Huang2016,
    title = {{Community challenges in biomedical text mining over 10 years: success, failure and the future}},
    year = {2016},
    journal = {Briefings in Bioinformatics},
    author = {Huang, Chung-Chi and Lu, Zhiyong},
    number = {1},
    month = {1},
    pages = {132--144},
    volume = {17},
    url = {https://academic.oup.com/bib/article-lookup/doi/10.1093/bib/bbv024},
    isbn = {1477-4054 (Electronic){\textbackslash}r1467-5463 (Linking)},
    doi = {10.1093/bib/bbv024},
    issn = {1467-5463},
    pmid = {25935162}
}

@article{Davis2009,
    title = {{Comparative Toxicogenomics Database: a knowledgebase and discovery tool for chemical-gene-disease networks}},
    year = {2009},
    journal = {Nucleic Acids Research},
    author = {Davis, Allan Peter and Murphy, Cynthia G and Saraceni-Richards, Cynthia A and Rosenstein, Michael C and Wiegers, Thomas C and Mattingly, Carolyn J},
    number = {Database},
    month = {1},
    pages = {D786-D792},
    volume = {37},
    publisher = {Oxford University Press},
    url = {http://www.ncbi.nlm.nih.gov/pubmed/18782832 http://www.pubmedcentral.nih.gov/articlerender.fcgi?artid=PMC2686584 https://academic.oup.com/nar/article-lookup/doi/10.1093/nar/gkn580},
    doi = {10.1093/nar/gkn580},
    issn = {0305-1048},
    pmid = {18782832}
}

@inproceedings{Liu2013,
    title = {{Convolution neural network for relation extraction}},
    year = {2013},
    booktitle = {Lecture Notes in Computer Science (including subseries Lecture Notes in Artificial Intelligence and Lecture Notes in Bioinformatics)},
    author = {Liu, Chun Yang and Sun, Wen Bo and Chao, Wen Han and Che, Wan Xiang},
    number = {PART 2},
    month = {12},
    pages = {231--242},
    volume = {8347 LNAI},
    publisher = {Springer, Berlin, Heidelberg},
    url = {http://link.springer.com/10.1007/978-3-642-53917-6_21},
    isbn = {9783642539169},
    doi = {10.1007/978-3-642-53917-6{\_}21},
    issn = {03029743},
    keywords = {Convolution Network, Deep Learning, Relation Extraction, Word Embedding}
}

@article{Forbes2015,
    title = {{COSMIC: exploring the world's knowledge of somatic mutations in human cancer}},
    year = {2015},
    journal = {Nucleic Acids Research},
    author = {Forbes, Simon A and Beare, David and Gunasekaran, Prasad and Leung, Kenric and Bindal, Nidhi and Boutselakis, Harry and Ding, Minjie and Bamford, Sally and Cole, Charlotte and Ward, Sari and Kok, Chai Yin and Jia, Mingming and De, Tisham and Teague, Jon W and Stratton, Michael R and McDermott, Ultan and Campbell, Peter J},
    number = {D1},
    month = {1},
    pages = {D805-D811},
    volume = {43},
    publisher = {Oxford University Press},
    url = {http://www.ncbi.nlm.nih.gov/pubmed/25355519 http://www.pubmedcentral.nih.gov/articlerender.fcgi?artid=PMC4383913 http://academic.oup.com/nar/article/43/D1/D805/2437384/COSMIC-exploring-the-worlds-knowledge-of-somatic},
    doi = {10.1093/nar/gku1075},
    issn = {1362-4962},
    pmid = {25355519}
}

@inproceedings{Mensink2014,
    title = {{COSTA: Co-Occurrence Statistics for Zero-Shot Classification}},
    year = {2014},
    booktitle = {2014 IEEE Conference on Computer Vision and Pattern Recognition},
    author = {Mensink, Thomas and Gavves, Efstratios and Snoek, Cees G.M.},
    month = {6},
    pages = {2441--2448},
    publisher = {IEEE},
    url = {http://ieeexplore.ieee.org/lpdocs/epic03/wrapper.htm?arnumber=6909709},
    isbn = {978-1-4799-5118-5},
    doi = {10.1109/CVPR.2014.313}
}

@article{Wei2011,
    title = {{Cross-species gene normalization by species inference}},
    year = {2011},
    journal = {BMC Bioinformatics},
    author = {Wei, Chih-Hsuan and Kao, Hung-Yu},
    number = {Suppl 8},
    month = {10},
    pages = {S5},
    volume = {12},
    publisher = {BioMed Central},
    url = {http://www.ncbi.nlm.nih.gov/pubmed/22151999 http://www.pubmedcentral.nih.gov/articlerender.fcgi?artid=PMC3269940 http://bmcbioinformatics.biomedcentral.com/articles/10.1186/1471-2105-12-S8-S5},
    doi = {10.1186/1471-2105-12-S8-S5},
    issn = {1471-2105},
    pmid = {22151999}
}

@article{Habibi2017,
    title = {{Deep learning with word embeddings improves biomedical named entity recognition}},
    year = {2017},
    journal = {Bioinformatics},
    author = {Habibi, Maryam and Weber, Leon and Neves, Mariana and Wiegandt, David Luis and Leser, Ulf},
    number = {14},
    month = {7},
    pages = {i37-i48},
    volume = {33},
    publisher = {Oxford University Press},
    url = {https://academic.oup.com/bioinformatics/article-lookup/doi/10.1093/bioinformatics/btx228},
    doi = {10.1093/bioinformatics/btx228},
    issn = {1367-4803}
}

@inproceedings{Ernst,
    title = {{DeepLife: An Entity-aware Search, Analytics and Exploration Platform for Health and Life Sciences}},
    year = {2016},
    booktitle = {Proceedings of ACL-2016 System Demonstrations},
    author = {Ernst, Patrick and Siu, Amy and Milchevski, Dragan and Hoffart, Johannes and Weikum, Gerhard},
    pages = {19--24},
    publisher = {Association for Computational Linguistics},
    url = {http://www.aclweb.org/anthology/P16-4004 http://aclweb.org/anthology/P16-4004},
    address = {Stroudsburg, PA, USA},
    doi = {10.18653/v1/P16-4004}
}

@article{Cotto2017,
    title = {{DGIdb 3.0: a redesign and expansion of the drug–gene interaction database}},
    year = {2017},
    journal = {Nucleic Acids Research},
    author = {Cotto, Kelsy C. and Wagner, Alex H. and Feng, Yang-Yang and Kiwala, Susanna and Coffman, Adam C. and Spies, Gregory and Wollam, Alex and Spies, Nicholas C. and Griffith, Obi L. and Griffith, Malachi},
    month = {11},
    url = {http://academic.oup.com/nar/article/doi/10.1093/nar/gkx1143/4634012},
    doi = {10.1093/nar/gkx1143},
    issn = {0305-1048},
    keywords = {filters, gene interaction, genes, id, iduronate-2-sulfatase, metadata, reaction time, surrogate endpoints, user-computer interface}
}

@article{Kim2013,
    title = {{DigSee: disease gene search engine with evidence sentences (version cancer)}},
    year = {2013},
    journal = {Nucleic Acids Research},
    author = {Kim, Jeongkyun and So, Seongeun and Lee, Hee-Jin and Park, Jong C. and Kim, Jung-jae and Lee, Hyunju},
    number = {W1},
    month = {7},
    pages = {W510-W517},
    volume = {41},
    url = {http://www.ncbi.nlm.nih.gov/pubmed/23761452 http://www.pubmedcentral.nih.gov/articlerender.fcgi?artid=PMC3692119 http://academic.oup.com/nar/article/41/W1/W510/1114062/DigSee-disease-gene-search-engine-with-evidence},
    doi = {10.1093/nar/gkt531},
    issn = {1362-4962},
    pmid = {23761452}
}

@article{Mahmood2016a,
    title = {{DiMeX: A Text Mining System for Mutation-Disease Association Extraction}},
    year = {2016},
    journal = {PLOS ONE},
    author = {Mahmood, A S M Ashique and Wu, Tsung-Jung and Mazumder, Raja and Vijay-Shanker, K},
    editor = {Groza, Tudor},
    number = {4},
    month = {4},
    pages = {e0152725},
    volume = {11},
    publisher = {Public Library of Science},
    url = {http://www.ncbi.nlm.nih.gov/pubmed/27073839 http://www.pubmedcentral.nih.gov/articlerender.fcgi?artid=PMC4830514 http://dx.plos.org/10.1371/journal.pone.0152725},
    doi = {10.1371/journal.pone.0152725},
    issn = {1932-6203},
    pmid = {27073839}
}

@article{Pletscher-Frankild2015,
    title = {{DISEASES: Text mining and data integration of disease–gene associations}},
    year = {2015},
    journal = {Methods},
    author = {Pletscher-Frankild, Sune and Pallej{\`{a}}, Albert and Tsafou, Kalliopi and Binder, Janos X and Jensen, Lars Juhl},
    month = {3},
    pages = {83--89},
    volume = {74},
    url = {http://linkinghub.elsevier.com/retrieve/pii/S1046202314003831},
    isbn = {1046-2023},
    doi = {10.1016/j.ymeth.2014.11.020},
    issn = {10462023},
    keywords = {Data integration, Information extraction, Named entity recognition, Text mining, Web resource}
}

@article{Pinero2017a,
    title = {{DisGeNET: a comprehensive platform integrating information on human disease-associated genes and variants}},
    year = {2017},
    journal = {Nucleic Acids Research},
    author = {Pi{\~{n}}ero, Janet and Bravo, Àlex and Queralt-Rosinach, Núria and Guti{\'{e}}rrez-Sacrist{\'{a}}n, Alba and Deu-Pons, Jordi and Centeno, Emilio and Garc{\'{i}}a-Garc{\'{i}}a, Javier and Sanz, Ferran and Furlong, Laura I},
    number = {D1},
    month = {1},
    pages = {D833-D839},
    volume = {45},
    url = {http://nar.oxfordjournals.org/lookup/doi/10.1093/nar/gkw943},
    doi = {10.1093/nar/gkw943},
    issn = {0305-1048}
}

@article{Yeh2013a,
    title = {{DNA-Mutation Inventory to Refine and Enhance Cancer Treatment (DIRECT): A Catalog of Clinically Relevant Cancer Mutations to Enable Genome-Directed Anticancer Therapy}},
    year = {2013},
    journal = {Clinical Cancer Research},
    author = {Yeh, Paul and Chen, Heidi and Andrews, Jenny and Naser, Riyad and Pao, William and Horn, Leora},
    number = {7},
    month = {4},
    pages = {1894--1901},
    volume = {19},
    publisher = {NIH Public Access},
    url = {http://clincancerres.aacrjournals.org/cgi/doi/10.1158/1078-0432.CCR-12-1894 http://www.ncbi.nlm.nih.gov/pubmed/23344264 http://www.pubmedcentral.nih.gov/articlerender.fcgi?artid=PMC4121886},
    doi = {10.1158/1078-0432.CCR-12-1894},
    issn = {1078-0432},
    pmid = {23344264}
}

@article{Leaman2013,
    title = {{DNorm: Disease name normalization with pairwise learning to rank}},
    year = {2013},
    journal = {Bioinformatics},
    author = {Leaman, Robert and Doǧan, Rezarta Islamaj and Lu, Zhiyong},
    number = {22},
    month = {11},
    pages = {2909--2917},
    volume = {29},
    url = {http://www.ncbi.nlm.nih.gov/pubmed/23969135 http://www.pubmedcentral.nih.gov/articlerender.fcgi?artid=PMC3810844 https://academic.oup.com/bioinformatics/article-lookup/doi/10.1093/bioinformatics/btt474},
    isbn = {1367-4811 (Electronic){\textbackslash}r1367-4803 (Linking)},
    doi = {10.1093/bioinformatics/btt474},
    issn = {13674803},
    pmid = {23969135}
}

@article{Leaman2013a,
    title = {{DNorm: Disease name normalization with pairwise learning to rank}},
    year = {2013},
    journal = {Bioinformatics},
    author = {Leaman, Robert and Doǧan, Rezarta Islamaj and Lu, Zhiyong},
    number = {22},
    pages = {2909--2917},
    volume = {29},
    url = {https://www.ncbi.nlm.nih.gov/pmc/articles/PMC3810844/pdf/btt474.pdf},
    isbn = {1367-4811 (Electronic){\textbackslash}r1367-4803 (Linking)},
    doi = {10.1093/bioinformatics/btt474},
    issn = {13674803},
    pmid = {23969135}
}

@article{nigam-em,
    title = {{Document Classification Using Expectation Maximization with Semi Supervised Learning}},
    year = {2011},
    journal = {CoRR},
    author = {Nigam, Bhawna and Ahirwal, Poorvi and Salve, Sonal and Vamney, Swati},
    volume = {abs/1112.2},
    url = {http://arxiv.org/abs/1112.2028},
    arxivId = {1112.2028}
}

@article{Wishart2008,
    title = {{DrugBank: a knowledgebase for drugs, drug actions and drug targets}},
    year = {2008},
    journal = {Nucleic Acids Research},
    author = {Wishart, David S and Knox, Craig and Guo, An Chi and Cheng, Dean and Shrivastava, Savita and Tzur, Dan and Gautam, Bijaya and Hassanali, Murtaza},
    number = {suppl{\_}1},
    month = {1},
    pages = {D901-D906},
    volume = {36},
    publisher = {Oxford University Press},
    url = {http://www.ncbi.nlm.nih.gov/pubmed/18048412 http://www.pubmedcentral.nih.gov/articlerender.fcgi?artid=PMC2238889 https://academic.oup.com/nar/article-lookup/doi/10.1093/nar/gkm958},
    doi = {10.1093/nar/gkm958},
    issn = {0305-1048},
    pmid = {18048412}
}

@article{Xu2016,
    title = {{DTMiner: identification of potential disease targets through biomedical literature mining.}},
    year = {2016},
    journal = {Bioinformatics},
    author = {Xu, Dong and Zhang, Meizhuo and Xie, Yanping and Wang, Fan and Chen, Ming and Zhu, Kenny Q and Wei, Jia},
    number = {23},
    month = {8},
    pages = {3619--3626},
    volume = {32},
    url = {http://gdr-web.rwebox.com/public_html/index.php?page¼download.php. http://gdr-web.rwebox.com/public_html/index.php. https://academic.oup.com/bioinformatics/article-lookup/doi/10.1093/bioinformatics/btw503 http://www.ncbi.nlm.nih.gov/pubmed/27506226%5Cnhtt},
    isbn = {1367-4811 (Electronic)},
    doi = {10.1093/bioinformatics/btw503},
    issn = {1367-4811},
    pmid = {27506226}
}

@article{sayers2008utilities,
    title = {{E-utilities quick start}},
    year = {2008},
    journal = {Entrez Programming Utilities Help [Internet]},
    author = {Sayers, Eric}
}

@inproceedings{umls,
    title = {{Effective mapping of biomedical text to the UMLS Metathesaurus: the MetaMap program.}},
    year = {2001},
    booktitle = {Proceedings of the AMIA Symposium},
    author = {Aronson, Alan R},
    pages = {17}
}

@article{Mikolov2013,
    title = {{Efficient Estimation of Word Representations in Vector Space}},
    year = {2013},
    journal = {Proceedings of the International Conference on Learning Representations (ICLR 2013)},
    author = {Mikolov, Tomas and Corrado, Greg and Chen, Kai and Dean, Jeffrey},
    pages = {1--12},
    volume = {1},
    url = {https://arxiv.org/pdf/1301.3781.pdf http://arxiv.org/pdf/1301.3781v3.pdf http://www.crossref.org/deleted_DOI.html},
    isbn = {1532-4435},
    doi = {10.1162/153244303322533223},
    issn = {15324435},
    pmid = {18244602},
    arxivId = {arXiv:1301.3781v3}
}

@article{Hariharan2012,
    title = {{Efficient max-margin multi-label classification with applications to zero-shot iearning}},
    year = {2012},
    journal = {Machine Learning},
    author = {Hariharan, Bharath and Vishwanathan, S. V N and Varma, Manik},
    number = {1-2},
    month = {7},
    pages = {127--155},
    volume = {88},
    publisher = {Kluwer Academic Publishers},
    url = {http://link.springer.com/10.1007/s10994-012-5291-x},
    doi = {10.1007/s10994-012-5291-x},
    issn = {08856125},
    keywords = {1-vs-all classification, Max-margin methods, Multi-label classification, SMO optimization, Zero-shot learning}
}

@inproceedings{Miwa2016,
    title = {{End-to-End Relation Extraction using LSTMs on Sequences and Tree Structures}},
    year = {2016},
    booktitle = {Proceedings of the 54th Annual Meeting of the Association for Computational Linguistics (Volume 1: Long Papers)},
    author = {Miwa, Makoto and Bansal, Mohit},
    pages = {1105--1116},
    publisher = {Association for Computational Linguistics},
    url = {https://arxiv.org/pdf/1601.00770.pdf http://arxiv.org/abs/1601.00770 http://aclweb.org/anthology/P16-1105},
    address = {Stroudsburg, PA, USA},
    isbn = {9781510827585},
    doi = {10.18653/v1/P16-1105},
    issn = {0018-9545},
    arxivId = {1601.00770}
}

@inproceedings{Vosoughi2015,
    title = {{Enhanced Twitter Sentiment Classification Using Contextual Information}},
    year = {2015},
    booktitle = {Proceedings of the 6th Workshop on Computational Approaches to Subjectivity, Sentiment and Social Media Analysis},
    author = {Vosoughi, Soroush and Zhou, Helen and Roy, Deb},
    pages = {16--24},
    publisher = {Association for Computational Linguistics},
    url = {http://aclweb.org/anthology/W15-2904},
    address = {Stroudsburg, PA, USA},
    doi = {10.18653/v1/W15-2904}
}

@article{Bojanowski2016,
    title = {{Enriching Word Vectors with Subword Information}},
    year = {2016},
    author = {Bojanowski, Piotr and Grave, Edouard and Joulin, Armand and Mikolov, Tomas},
    url = {https://arxiv.org/pdf/1607.04606.pdf http://arxiv.org/abs/1607.04606},
    isbn = {9781577357384},
    doi = {1511.09249v1},
    issn = {10450823},
    pmid = {1000303116},
    arxivId = {1607.04606}
}

@article{Verspoor2016,
    title = {{Establishing a baseline for literature mining human genetic variants and their relationships to disease cohorts}},
    year = {2016},
    journal = {BMC Medical Informatics and Decision Making},
    author = {Verspoor, Karin M and Heo, Go Eun and Kang, Keun Young and Song, Min},
    number = {S1},
    month = {7},
    pages = {68},
    volume = {16},
    publisher = {BioMed Central},
    url = {http://www.ncbi.nlm.nih.gov/pubmed/27454860 http://www.pubmedcentral.nih.gov/articlerender.fcgi?artid=PMC4959367 http://bmcmedinformdecismak.biomedcentral.com/articles/10.1186/s12911-016-0294-3},
    doi = {10.1186/s12911-016-0294-3},
    issn = {1472-6947},
    pmid = {27454860},
    keywords = {Biocuration, Genetic variant information, Information extraction, Text mining}
}

@article{Gou2015,
    title = {{Europe PMC: a full-text literature database for the life sciences and platform for innovation}},
    year = {2015},
    journal = {Nucleic Acids Research},
    author = {Gou, Yuci and Graff, Florian and Kilian, Oliver and Kafkas, Senay and Katuri, Jyothi and Kim, Jee Hyub and Marinos, Nikos and McEntyre, Johanna and Morrison, Andrew and Pi, Xingjun and Rossiter, Philip and Talo, Francesco and Vartak, Vid and Coleman, Lee Ann and Hawkins, Craig and Kinsey, Anna and Mansoor, Sami and Morris, Victoria and Rowbotham, Rob and Chaplin, David and MacIntyre, Ross and Patel, Yogesh and Ananiadou, Sophia and Black, William J. and McNaught, John and Rak, Rafal and Rowley, Andrew},
    number = {D1},
    month = {1},
    pages = {D1042-D1048},
    volume = {43},
    publisher = {Oxford University Press},
    url = {http://www.ncbi.nlm.nih.gov/pubmed/25378340 http://www.pubmedcentral.nih.gov/articlerender.fcgi?artid=PMC4383902 https://academic.oup.com/nar/article-lookup/doi/10.1093/nar/gku1061},
    isbn = {13624962 (Electronic)},
    doi = {10.1093/nar/gku1061},
    issn = {0305-1048},
    pmid = {25378340}
}

@article{Rebholz-Schuhmann2013,
    title = {{Evaluating gold standard corpora against gene/protein tagging solutions and lexical resources}},
    year = {2013},
    journal = {Journal of Biomedical Semantics},
    author = {Rebholz-Schuhmann, Dietrich and Kafkas, Senay and Kim, Jee-Hyub and Li, Chen and Yepes, Antonio and Hoehndorf, Robert and Backofen, Rolf and Lewin, Ian},
    number = {1},
    month = {10},
    pages = {28},
    volume = {4},
    publisher = {BioMed Central},
    url = {http://www.ncbi.nlm.nih.gov/pubmed/24112383 http://www.pubmedcentral.nih.gov/articlerender.fcgi?artid=PMC4021975 http://jbiomedsem.biomedcentral.com/articles/10.1186/2041-1480-4-28},
    doi = {10.1186/2041-1480-4-28},
    issn = {2041-1480},
    pmid = {24112383}
}

@inproceedings{Akata2015,
    title = {{Evaluation of output embeddings for fine-grained image classification}},
    year = {2015},
    booktitle = {2015 IEEE Conference on Computer Vision and Pattern Recognition (CVPR)},
    author = {Akata, Zeynep and Reed, Scott and Walter, Daniel and {Honglak Lee} and Schiele, Bernt},
    month = {6},
    pages = {2927--2936},
    publisher = {IEEE},
    url = {http://arxiv.org/abs/1409.8403 http://dx.doi.org/10.1109/CVPR.2015.7298911 http://ieeexplore.ieee.org/document/7298911/},
    isbn = {978-1-4673-6964-0},
    doi = {10.1109/CVPR.2015.7298911},
    arxivId = {1409.8403}
}

@inproceedings{experiments,
    title = {{Experiments with sentence classification}},
    year = {2006},
    booktitle = {Proceedings of the 2006 Australasian language technology workshop},
    author = {Khoo, Anthony and Marom, Yuval and Albrecht, David},
    pages = {18--25}
}

@article{distant,
    title = {{Extracting {\{}PICO{\}} Sentences from Clinical Trial Reports using Supervised Distant Supervision}},
    year = {2016},
    journal = {Journal of Machine Learning Research},
    author = {Wallace, Byron C and Kuiper, Joël and Sharma, Aakash and Zhu, Mingxi (Brian) and Marshall, Iain James},
    pages = {132:1--132:25},
    volume = {17},
    url = {http://jmlr.org/papers/v17/15-404.html}
}

@article{Bravo2015,
    title = {{Extraction of relations between genes and diseases from text and large-scale data analysis: implications for translational research}},
    year = {2015},
    journal = {BMC Bioinformatics},
    author = {Bravo, Àlex and Pi{\~{n}}ero, Janet and Queralt-Rosinach, Núria and Rautschka, Michael and Furlong, Laura I},
    number = {1},
    month = {12},
    pages = {55},
    volume = {16},
    url = {http://bmcbioinformatics.biomedcentral.com/articles/10.1186/s12859-015-0472-9},
    doi = {10.1186/s12859-015-0472-9},
    issn = {1471-2105},
    keywords = {Big data, Biocuration, Corpus development, Disease, Information extraction, Machine learning, Text mining, Translational bioinformatics}
}

@misc{NationalLibraryofMedicine2015,
    title = {{Fact SheetPubMed{\textregistered}: MEDLINE{\textregistered} Retrieval on the World Wide Web}},
    year = {2015},
    author = {{National Library of Medicine}},
    publisher = {U.S. National Library of Medicine},
    url = {https://www.nlm.nih.gov/pubs/factsheets/pubmed.html}
}

@misc{IARC2017,
    title = {{Fact Sheets by Cancer}},
    year = {2017},
    author = {{IARC - International Agency for Research on Cancer}},
    url = {http://globocan.iarc.fr/Pages/fact_sheets_cancer.aspx}
}

@article{Winnenburg2008,
    title = {{Facts from text: can text mining help to scale-up high-quality manual curation of gene products with ontologies?}},
    year = {2008},
    journal = {Briefings in Bioinformatics},
    author = {Winnenburg, Rainer and Wachter, T. and Plake, Conrad and Doms, Andreas and Schroeder, Michael},
    number = {6},
    month = {7},
    pages = {466--478},
    volume = {9},
    url = {https://oup.silverchair-cdn.com/oup/backfile/Content_public/Journal/bib/9/6/10.1093/bib/bbn043/2/bbn043.pdf?Expires=1498567115&Signature=F3fK6AJ1303yDbvu5nv744ZkCe45YYt1QFPT9sZQ4xTJVBXVEadpQ-Zf4OjKUEvZXjKLXJO8qiIjHvV~JEwYWObBkNtWCCh-L8ph5VTUz8nkvPrN9ovxOk},
    doi = {10.1093/bib/bbn043},
    issn = {1467-5463},
    keywords = {GO annotation, authoring systems MOTIVATION, data curation, entity recognition, ontology generation, text mining}
}

@article{Hakenberg2008,
    title = {{Gene mention normalization and interaction extraction with context models and sentence motifs}},
    year = {2008},
    journal = {Genome Biology},
    author = {Hakenberg, Jörg and Plake, Conrad and Royer, Loic and Strobelt, Hendrik and Leser, Ulf and Schroeder, Michael},
    number = {Suppl 2},
    pages = {S14},
    volume = {9},
    publisher = {BioMed Central},
    url = {http://www.ncbi.nlm.nih.gov/pubmed/18834492 http://www.pubmedcentral.nih.gov/articlerender.fcgi?artid=PMC2559985 http://genomebiology.biomedcentral.com/articles/10.1186/gb-2008-9-s2-s14},
    doi = {10.1186/gb-2008-9-s2-s14},
    issn = {1465-6906},
    pmid = {18834492}
}

@article{semi-rl,
    title = {{Generalizing Skills with Semi-Supervised Reinforcement Learning}},
    year = {2016},
    journal = {CoRR},
    author = {Finn, Chelsea and Yu, Tianhe and Fu, Justin and Abbeel, Pieter and Levine, Sergey},
    url = {http://arxiv.org/abs/1612.00429}
}

@article{Huang2011,
    title = {{GeneTUKit: a software for document-level gene normalization}},
    year = {2011},
    journal = {Bioinformatics},
    author = {Huang, Minlie and Liu, Jingchen and Zhu, Xiaoyan},
    number = {7},
    month = {4},
    pages = {1032--1033},
    volume = {27},
    publisher = {Oxford University Press},
    url = {http://www.ncbi.nlm.nih.gov/pubmed/21303863 http://www.pubmedcentral.nih.gov/articlerender.fcgi?artid=PMC3065680 https://academic.oup.com/bioinformatics/article-lookup/doi/10.1093/bioinformatics/btr042},
    doi = {10.1093/bioinformatics/btr042},
    issn = {1367-4803},
    pmid = {21303863}
}

@article{Thomas2012,
    title = {{GeneView: a comprehensive semantic search engine for PubMed}},
    year = {2012},
    journal = {Nucleic Acids Research},
    author = {Thomas, Philippe and Starlinger, Johannes and Vowinkel, Alexander and Arzt, Sebastian and Leser, Ulf},
    number = {W1},
    month = {7},
    pages = {W585-W591},
    volume = {40},
    publisher = {Oxford University Press},
    url = {http://www.ncbi.nlm.nih.gov/pubmed/22693219 http://www.pubmedcentral.nih.gov/articlerender.fcgi?artid=PMC3394277 https://academic.oup.com/nar/article-lookup/doi/10.1093/nar/gks563},
    doi = {10.1093/nar/gks563},
    issn = {0305-1048},
    pmid = {22693219}
}

@misc{geniass,
    title = {{GENIA Sentence Splitter}},
    year = {2007},
    author = {Matsubayashi, Yuichiroh},
    howpublished = {{\textbackslash}url{\{}http://www.nactem.ac.uk/y-matsu/geniass{\}}}
}

@misc{geniatagger,
    title = {{GENIA Tagger: Part-of-speech tagging, shallow parsing, and named entity recognition for biomedical text}},
    year = {2006},
    author = {Tsuruoka, Yoshimasa},
    howpublished = {{\textbackslash}url{\{}http://www.nactem.ac.uk/GENIA/tagger{\}}}
}

@article{Campos2013a,
    title = {{Gimli: open source and high-performance biomedical name recognition}},
    year = {2013},
    journal = {BMC Bioinformatics},
    author = {Campos, David and Matos, Sérgio and Oliveira, José Luís},
    number = {1},
    month = {2},
    pages = {54},
    volume = {14},
    publisher = {BioMed Central},
    url = {http://www.ncbi.nlm.nih.gov/pubmed/23413997 http://www.pubmedcentral.nih.gov/articlerender.fcgi?artid=PMC3651325 http://bmcbioinformatics.biomedcentral.com/articles/10.1186/1471-2105-14-54},
    isbn = {1471-2105 (Linking)},
    doi = {10.1186/1471-2105-14-54},
    issn = {1471-2105},
    pmid = {23413997},
    keywords = {Algorithms, Bioinformatics, Combinatorial Libraries, Computational Biology/Bioinformatics, Computer Appl. in Life Sciences, Microarrays}
}

@inproceedings{Pennington2014,
    title = {{Glove: Global Vectors for Word Representation}},
    year = {2014},
    booktitle = {Proceedings of the 2014 Conference on Empirical Methods in Natural Language Processing (EMNLP)},
    author = {Pennington, Jeffrey and Socher, Richard and Manning, Christopher},
    pages = {1532--1543},
    url = {https://nlp.stanford.edu/pubs/glove.pdf http://aclweb.org/anthology/D14-1162},
    isbn = {9781937284961},
    doi = {10.3115/v1/D14-1162},
    issn = {10495258},
    pmid = {1710995},
    arxivId = {1504.06654}
}

@article{Wei2015,
    title = {{GNormPlus: An Integrative Approach for Tagging Genes, Gene Families, and Protein Domains}},
    year = {2015},
    journal = {BioMed Research International},
    author = {Wei, Chih-Hsuan and Kao, Hung-Yu and Lu, Zhiyong},
    pages = {1--7},
    volume = {2015},
    publisher = {Hindawi Publishing Corporation},
    url = {http://www.ncbi.nlm.nih.gov/pubmed/26380306 http://www.pubmedcentral.nih.gov/articlerender.fcgi?artid=PMC4561873 http://www.hindawi.com/journals/bmri/2015/918710/},
    doi = {10.1155/2015/918710},
    issn = {2314-6133},
    pmid = {26380306}
}

@article{Wei2015a,
    title = {{GNormPlus: An Integrative Approach for Tagging Genes, Gene Families, and Protein Domains}},
    year = {2015},
    journal = {BioMed Research International},
    author = {Wei, Chih-Hsuan and Kao, Hung-Yu and Lu, Zhiyong},
    month = {8},
    pages = {1--7},
    volume = {2015},
    publisher = {Hindawi},
    url = {http://www.hindawi.com/journals/bmri/2015/918710/},
    doi = {10.1155/2015/918710},
    issn = {2314-6133}
}

@article{Johnson2017,
    title = {{Google's Multilingual Neural Machine Translation System: Enabling Zero-Shot Translation}},
    year = {2016},
    journal = {eprint arXiv:1611.04558},
    author = {Johnson, Melvin and Schuster, Mike and Le, Quoc V. and Krikun, Maxim and Wu, Yonghui and Chen, Zhifeng and Thorat, Nikhil and Vi{\'{e}}gas, Fernanda and Wattenberg, Martin and Corrado, Greg and Hughes, Macduff and Dean, Jeffrey},
    month = {11},
    publisher = {Association for Computational Linguistics},
    url = {http://aclweb.org/anthology/Q17-1024 http://arxiv.org/abs/1611.04558 https://arxiv.org/pdf/1611.04558v1.pdf},
    address = {Stroudsburg, PA, USA},
    arxivId = {1611.04558}
}

@inproceedings{Luong2015,
    title = {{Google’s Multilingual Neural Machine Translation System: Enabling Zero-Shot Translation}},
    year = {2015},
    booktitle = {Proceedings of the 53rd Annual Meeting of the Association for Computational Linguistics and the 7th International Joint Conference on Natural Language Processing (Volume 1: Long Papers)},
    author = {Luong, Thang and Sutskever, Ilya and Le, Quoc and Vinyals, Oriol and Zaremba, Wojciech},
    pages = {11--19},
    publisher = {Association for Computational Linguistics},
    url = {http://aclweb.org/anthology/P15-1002},
    address = {Stroudsburg, PA, USA},
    doi = {10.3115/v1/P15-1002},
    arxivId = {1611.04558}
}

@article{Hanahan2011,
    title = {{Hallmarks of Cancer: The Next Generation}},
    year = {2011},
    journal = {Cell},
    author = {Hanahan, Douglas and Weinberg, Robert A.},
    number = {5},
    month = {3},
    pages = {646--674},
    volume = {144},
    publisher = {Cell Press},
    url = {http://www.sciencedirect.com/science/article/pii/S0092867411001279 http://linkinghub.elsevier.com/retrieve/pii/S0092867411001279},
    doi = {10.1016/j.cell.2011.02.013},
    issn = {00928674}
}

@article{Lee2016a,
    title = {{HiPub: translating PubMed and PMC texts to networks for knowledge discovery}},
    year = {2016},
    journal = {Bioinformatics},
    author = {Lee, Kyubum and Shin, Wonho and Kim, Byounggun and Lee, Sunwon and Choi, Yonghwa and Kim, Sunkyu and Jeon, Minji and Tan, Aik Choon and Kang, Jaewoo},
    number = {18},
    month = {9},
    pages = {2886--2888},
    volume = {32},
    publisher = {Oxford University Press},
    url = {http://www.ncbi.nlm.nih.gov/pubmed/27485446 http://www.pubmedcentral.nih.gov/articlerender.fcgi?artid=PMC5018380 https://academic.oup.com/bioinformatics/article-lookup/doi/10.1093/bioinformatics/btw511},
    doi = {10.1093/bioinformatics/btw511},
    issn = {1367-4803},
    pmid = {27485446}
}

@inproceedings{Al-Halah2015,
    title = {{How to Transfer? Zero-Shot Object Recognition via Hierarchical Transfer of Semantic Attributes}},
    year = {2015},
    booktitle = {2015 IEEE Winter Conference on Applications of Computer Vision},
    author = {Al-Halah, Ziad and Stiefelhagen, Rainer},
    month = {1},
    pages = {837--843},
    publisher = {IEEE},
    url = {http://ieeexplore.ieee.org/document/7045970/},
    isbn = {978-1-4799-6683-7},
    doi = {10.1109/WACV.2015.116}
}

@inproceedings{Lazaridou2015,
    title = {{Hubness and Pollution: Delving into Cross-Space Mapping for Zero-Shot Learning}},
    year = {2015},
    booktitle = {Proceedings of the 53rd Annual Meeting of the Association for Computational Linguistics and the 7th International Joint Conference on Natural Language Processing},
    author = {Lazaridou, Angeliki and Dinu, Georgiana and Baroni, Marco},
    pages = {270--280},
    isbn = {9781941643723},
    keywords = {Distributional semantics, Multimodal}
}

@article{Burger2014,
    title = {{Hybrid curation of gene-mutation relations combining automated extraction and crowdsourcing}},
    year = {2014},
    journal = {Database},
    author = {Burger, John D and Doughty, Emily and Khare, Ritu and Wei, Chih-Hsuan and Mishra, Rajashree and Aberdeen, John and Tresner-Kirsch, David and Wellner, Ben and Kann, Maricel G and Lu, Zhiyong and Hirschman, Lynette},
    month = {9},
    pages = {bau094-bau094},
    volume = {2014},
    publisher = {Oxford University Press},
    url = {http://www.ncbi.nlm.nih.gov/pubmed/25246425 http://www.pubmedcentral.nih.gov/articlerender.fcgi?artid=PMC4170591 https://academic.oup.com/database/article-lookup/doi/10.1093/database/bau094},
    doi = {10.1093/database/bau094},
    issn = {1758-0463},
    pmid = {25246425}
}

@inproceedings{seva2018,
    title = {{Identifying Key Sentences for Precision Oncology Using Semi-Supervised Learning}},
    year = {2018},
    booktitle = {Proceedings of the BioNLP 2018 workshop},
    author = {{\v{S}}eva, Jurica and Wackerbauer, Martin and Leser, Ulf},
    pages = {35--46},
    publisher = {Association for Computational Linguistics},
    url = {http://aclweb.org/anthology/W18-2305}
}

@inproceedings{il,
    title = {{Imitation Learning by Coaching}},
    year = {2012},
    booktitle = {Advances in Neural Information Processing Systems 25, Lake Tahoe, Nevada, United States},
    author = {He, He and III, Hal Daumé and Eisner, Jason},
    editor = {Bartlett, Peter L and Pereira, Fernando C N and Burges, Christopher J C and Bottou, Léon and Weinberger, Kilian Q},
    pages = {3158--3166},
    url = {http://papers.nips.cc/paper/4545-imitation-learning-by-coaching}
}

@inproceedings{Dinu2015,
    title = {{Improving zero-shot learning by mitigating the hubness problem}},
    year = {2014},
    booktitle = {Iclr 2015},
    author = {Dinu, Georgiana and Lazaridou, Angeliki and Baroni, Marco},
    month = {12},
    pages = {1--10},
    url = {http://arxiv.org/abs/1412.6568},
    arxivId = {1412.6568}
}

@article{Sarawagi2007,
    title = {{Information Extraction}},
    year = {2007},
    journal = {Foundations and Trends in Databases},
    author = {Sarawagi, Sunita},
    number = {3},
    pages = {261--377},
    volume = {1},
    publisher = {Now Publishers, Inc.},
    url = {http://www.nowpublishers.com/article/Details/DBS-003},
    doi = {10.1561/1900000003},
    issn = {1931-7883},
    keywords = {Data Cleaning and Information Extraction, Databases, Information Retrieval, Information extraction}
}

@article{Cowie1996,
    title = {{Information extraction}},
    year = {1996},
    journal = {Communications of the ACM},
    author = {Cowie, Jim and Lehnert, Wendy},
    number = {1},
    month = {1},
    pages = {80--91},
    volume = {39},
    publisher = {ACM},
    url = {http://portal.acm.org/citation.cfm?doid=234173.234209},
    doi = {10.1145/234173.234209},
    issn = {00010782}
}

@incollection{Buchanan2007,
    title = {{Investigating Document Triage on Paper and Electronic Media}},
    year = {2007},
    booktitle = {Research and Advanced Technology for Digital Libraries},
    author = {Buchanan, George and Loizides, Fernando},
    pages = {416--427},
    publisher = {Springer Berlin Heidelberg},
    url = {http://link.springer.com/10.1007/978-3-540-74851-9_35},
    address = {Berlin, Heidelberg},
    doi = {10.1007/978-3-540-74851-9{\_}35}
}

@misc{chollet2015keras,
    title = {{Keras}},
    year = {2015},
    author = {Chollet, François and {others}},
    howpublished = {{\textbackslash}url{\{}https://keras.io{\}}}
}

@inproceedings{Akata2013,
    title = {{Label-Embedding for Image Classification}},
    year = {2013},
    booktitle = {IEEE Computer Vision and Pattern Recognition},
    author = {Akata, Zeynep and Perronnin, Florent and Harchaoui, Zaid and Schmid, Cordelia},
    pages = {819--826},
    url = {https://hal.inria.fr/hal-00815747v1 http://arxiv.org/abs/1503.08677%0Ahttp://dx.doi.org/10.1109/TPAMI.2015.2487986},
    isbn = {9781424439911},
    doi = {10.1109/TPAMI.2015.2487986},
    issn = {9781424439911},
    arxivId = {1503.08677},
    keywords = {()}
}

@article{VanLandeghem2013,
    title = {{Large-Scale Event Extraction from Literature with Multi-Level Gene Normalization}},
    year = {2013},
    journal = {PLoS ONE},
    author = {Van Landeghem, Sofie and Bj{\"{o}}rne, Jari and Wei, Chih-Hsuan and Hakala, Kai and Pyysalo, Sampo and Ananiadou, Sophia and Kao, Hung-Yu and Lu, Zhiyong and Salakoski, Tapio and Van de Peer, Yves and Ginter, Filip},
    editor = {Aerts, Stein},
    number = {4},
    month = {4},
    pages = {e55814},
    volume = {8},
    publisher = {Public Library of Science},
    url = {http://www.ncbi.nlm.nih.gov/pubmed/23613707 http://www.pubmedcentral.nih.gov/articlerender.fcgi?artid=PMC3629104 http://dx.plos.org/10.1371/journal.pone.0055814},
    doi = {10.1371/journal.pone.0055814},
    issn = {1932-6203},
    pmid = {23613707}
}

@article{Mallory2015,
    title = {{Large-scale extraction of gene interactions from full-text literature using DeepDive}},
    year = {2015},
    journal = {Bioinformatics},
    author = {Mallory, Emily K. and Zhang, Ce and R{\'{e}}, Christopher and Altman, Russ B.},
    number = {1},
    month = {9},
    pages = {btv476},
    volume = {32},
    publisher = {Oxford University Press},
    url = {https://academic.oup.com/bioinformatics/article-lookup/doi/10.1093/bioinformatics/btv476},
    doi = {10.1093/bioinformatics/btv476},
    issn = {1367-4803}
}

@inproceedings{elkan,
    title = {{Learning classifiers from only positive and unlabeled data}},
    year = {2008},
    booktitle = {Proceedings of the 14th {\{}ACM{\}} {\{}SIGKDD{\}} International Conference on Knowledge Discovery and Data Mining, Las Vegas, Nevada, USA, August 24-27, 2008},
    author = {Elkan, Charles and Noto, Keith},
    editor = {Li, Ying and Liu, Bing and Sarawagi, Sunita},
    pages = {213--220},
    publisher = {ACM},
    url = {http://doi.acm.org/10.1145/1401890.1401920},
    doi = {10.1145/1401890.1401920}
}

@article{labelpropagation,
    title = {{Learning from labeled and unlabeled data with label propagation}},
    year = {2002},
    author = {Zhu, Xiaojin and Ghahramani, Zoubin},
    publisher = {Citeseer}
}

@inproceedings{labelspreading,
    title = {{Learning with Local and Global Consistency}},
    year = {2003},
    booktitle = {Advances in Neural Information Processing Systems 16 [Neural Information Processing Systems, {\{}NIPS{\}} 2003, December 8-13, 2003, Vancouver and Whistler, British Columbia, Canada]},
    author = {Zhou, Dengyong and Bousquet, Olivier and Lal, Thomas Navin and Weston, Jason and Sch{\"{o}}lkopf, Bernhard},
    editor = {Thrun, Sebastian and Saul, Lawrence K and Sch{\"{o}}lkopf, Bernhard},
    pages = {321--328},
    publisher = {{\{}MIT{\}} Press},
    url = {http://papers.nips.cc/paper/2506-learning-with-local-and-global-consistency}
}

@inproceedings{pulogreg,
    title = {{Learning with Positive and Unlabeled Examples Using Weighted Logistic Regression}},
    year = {2003},
    booktitle = {Machine Learning, Proceedings of the Twentieth International Conference {\{}(ICML{\}} 2003), August 21-24, 2003, Washington, DC, {\{}USA{\}}},
    author = {Lee, Wee Sun and Liu, Bing},
    editor = {Fawcett, Tom and Mishra, Nina},
    pages = {448--455},
    publisher = {{\{}AAAI{\}} Press},
    url = {http://www.aaai.org/Library/ICML/2003/icml03-060.php}
}

@inproceedings{Qiao2016,
    title = {{Less is More: Zero-Shot Learning from Online Textual Documents with Noise Suppression}},
    year = {2016},
    booktitle = {2016 IEEE Conference on Computer Vision and Pattern Recognition (CVPR)},
    author = {Qiao, Ruizhi and Liu, Lingqiao and Shen, Chunhua and Hengel, Anton van den},
    month = {6},
    pages = {2249--2257},
    publisher = {IEEE},
    url = {http://arxiv.org/abs/1604.01146 http://ieeexplore.ieee.org/document/7780616/},
    isbn = {978-1-4673-8851-1},
    doi = {10.1109/CVPR.2016.247},
    issn = {10636919},
    arxivId = {1604.01146}
}

@article{Canada2017,
    title = {{LimTox: a web tool for applied text mining of adverse event and toxicity associations of compounds, drugs and genes}},
    year = {2017},
    journal = {Nucleic Acids Research},
    author = {Ca{\~{n}}ada, Andres and Capella-Gutierrez, Salvador and Rabal, Obdulia and Oyarzabal, Julen and Valencia, Alfonso and Krallinger, Martin},
    number = {W1},
    month = {7},
    pages = {W484-W489},
    volume = {45},
    url = {https://www.ncbi.nlm.nih.gov/pmc/articles/PMC5570141/pdf/gkx462.pdf https://academic.oup.com/nar/article-lookup/doi/10.1093/nar/gkx462},
    doi = {10.1093/nar/gkx462},
    issn = {0305-1048}
}

@article{Gerner2010,
    title = {{LINNAEUS: A species name identification system for biomedical literature}},
    year = {2010},
    journal = {BMC Bioinformatics},
    author = {Gerner, Martin and Nenadic, Goran and Bergman, Casey M},
    number = {1},
    month = {12},
    pages = {85},
    volume = {11},
    publisher = {BioMed Central},
    url = {https://academic.oup.com/bioinformatics/article-lookup/doi/10.1093/bioinformatics/btn502 http://bmcbioinformatics.biomedcentral.com/articles/10.1186/1471-2105-11-85},
    doi = {10.1186/1471-2105-11-85},
    issn = {1471-2105},
    keywords = {Algorithms, Bioinformatics, Combinatorial Libraries, Computational Biology/Bioinformatics, Computer Appl. in Life Sciences, Microarrays}
}

@article{Shatkay2012,
    title = {{Low hematocrit impairs gastric mucosal CO2 removal during experimental severe normovolemic hemodilution.}},
    year = {2006},
    journal = {Clinics (Sao Paulo, Brazil)},
    author = {Perin, Daniel and Cruz, Ruy J and Silva, Eliezer and Poli-de-Figueiredo, Luiz Francisco},
    number = {5},
    month = {10},
    pages = {445--52},
    volume = {61},
    publisher = {MIT Press},
    url = {http://www.ncbi.nlm.nih.gov/pubmed/17072443},
    isbn = {1807-5932 (Print)},
    issn = {1807-5932},
    pmid = {17072443}
}

@article{Kourou2015,
    title = {{Machine learning applications in cancer prognosis and prediction}},
    year = {2015},
    journal = {Computational and Structural Biotechnology Journal},
    author = {Kourou, Konstantina and Exarchos, Themis P. and Exarchos, Konstantinos P. and Karamouzis, Michalis V. and Fotiadis, Dimitrios I.},
    pages = {8--17},
    volume = {13},
    url = {http://linkinghub.elsevier.com/retrieve/pii/S2001037014000464},
    doi = {10.1016/j.csbj.2014.11.005},
    issn = {20010370}
}

@article{Libbrecht2015,
    title = {{Machine learning applications in genetics and genomics}},
    year = {2015},
    journal = {Nature Reviews Genetics},
    author = {Libbrecht, Maxwell W and Noble, William Stafford},
    number = {6},
    month = {5},
    pages = {321--332},
    volume = {16},
    url = {http://www.nature.com/doifinder/10.1038/nrg3920},
    doi = {10.1038/nrg3920},
    issn = {1471-0056}
}

@article{sebastiani,
    title = {{Machine learning in automated text categorization}},
    year = {2002},
    journal = {{\{}ACM{\}} Comput. Surv.},
    author = {Sebastiani, Fabrizio},
    number = {1},
    pages = {1--47},
    volume = {34},
    url = {http://doi.acm.org/10.1145/505282.505283},
    doi = {10.1145/505282.505283}
}

@article{Ji2017c,
    title = {{Manifold regularized cross-modal embedding for zero-shot learning}},
    year = {2017},
    journal = {Information Sciences},
    author = {Ji, Zhong and Yu, Yunlong and Pang, Yanwei and Guo, Jichang and Zhang, Zhongfei},
    month = {2},
    pages = {48--58},
    volume = {378},
    publisher = {Elsevier},
    url = {http://www.sciencedirect.com/science/article/pii/S0020025516312361 http://linkinghub.elsevier.com/retrieve/pii/S0020025516312361},
    doi = {10.1016/j.ins.2016.10.025},
    issn = {00200255}
}

@article{Ji2017b,
    title = {{Manifold regularized cross-modal embedding for zero-shot learning}},
    year = {2017},
    journal = {Information Sciences},
    author = {Ji, Zhong and Yu, Yunlong and Pang, Yanwei and Guo, Jichang and Zhang, Zhongfei},
    month = {2},
    pages = {48--58},
    volume = {378},
    publisher = {Elsevier},
    url = {https://ac.els-cdn.com/S0020025516312361/1-s2.0-S0020025516312361-main.pdf?_tid=d86ce6dc-d44d-11e7-9a9a-00000aab0f26&acdnat=1511881827_5cfcfb08c176b0129cf49bb2bbd0fb80 http://linkinghub.elsevier.com/retrieve/pii/S0020025516312361 http://www.sciencedirect.},
    doi = {10.1016/j.ins.2016.10.025},
    issn = {00200255},
    keywords = {Cross-modal embedding, Domain adaptation, Image classification, Manifold, Zero-shot learning}
}

@inproceedings{Vinyals2016,
    title = {{Matching Networks for One Shot Learning}},
    year = {2016},
    booktitle = {2016 IEEE Conference on Computer Vision and Pattern Recognition (CVPR)},
    author = {Vinyals, Oriol and Blundell, Charles and Lillicrap, Tim and Kavukcuoglu, Koray and Wierstra, Daan},
    month = {6},
    pages = {817--825},
    publisher = {IEEE},
    url = {http://papers.nips.cc/paper/6385-matching-networks-for-one-shot-learning.pdf}
}

@article{Li2015,
    title = {{Max-Margin Zero-Shot Learning for Multi-class Classification}},
    year = {2015},
    journal = {Icais},
    author = {Li, Xin and Guo, Yuhong},
    month = {2},
    pages = {626--634},
    volume = {38},
    url = {http://proceedings.mlr.press/v38/li15d.html},
    issn = {15337928}
}

@article{Topalian2016,
    title = {{Mechanism-driven biomarkers to guide immune checkpoint blockade in cancer therapy}},
    year = {2016},
    journal = {Nature Reviews Cancer},
    author = {Topalian, Suzanne L and Taube, Janis M and Anders, Robert A and Pardoll, Drew M},
    number = {5},
    month = {5},
    pages = {275--287},
    volume = {16},
    publisher = {NIH Public Access},
    url = {http://www.ncbi.nlm.nih.gov/pubmed/27079802 http://www.pubmedcentral.nih.gov/articlerender.fcgi?artid=PMC5381938 http://www.nature.com/articles/nrc.2016.36},
    doi = {10.1038/nrc.2016.36},
    issn = {1474-175X},
    pmid = {27079802}
}

@article{Coletti2001,
    title = {{Medical Subject Headings Used to Search the Biomedical Literature}},
    year = {2001},
    journal = {Journal of the American Medical Informatics Association},
    author = {Coletti, Margaret H and Bleich, Howard L},
    number = {4},
    pages = {317--323},
    volume = {8},
    url = {http://www.ncbi.nlm.nih.gov/pubmed/11418538 http://www.pubmedcentral.nih.gov/articlerender.fcgi?artid=PMC130076 http://jamia.oxfordjournals.org/content/8/4/317},
    isbn = {1067-5027 (Print){\textbackslash}n1067-5027 (Linking)},
    doi = {10.1136/jamia.2001.0080317},
    issn = {1067-5027},
    pmid = {11418538}
}

@article{Cheng2015a,
    title = {{Memorial Sloan Kettering-Integrated Mutation Profiling of Actionable Cancer Targets (MSK-IMPACT)}},
    year = {2015},
    journal = {The Journal of Molecular Diagnostics},
    author = {Cheng, Donavan T. and Mitchell, Talia N. and Zehir, Ahmet and Shah, Ronak H. and Benayed, Ryma and Syed, Aijazuddin and Chandramohan, Raghu and Liu, Zhen Yu and Won, Helen H. and Scott, Sasinya N. and Brannon, A. Rose and O'Reilly, Catherine and Sadowska, Justyna and Casanova, Jacklyn and Yannes, Angela and Hechtman, Jaclyn F. and Yao, Jinjuan and Song, Wei and Ross, Dara S. and Oultache, Alifya and Dogan, Snjezana and Borsu, Laetitia and Hameed, Meera and Nafa, Khedoudja and Arcila, Maria E. and Ladanyi, Marc and Berger, Michael F.},
    number = {3},
    month = {5},
    pages = {251--264},
    volume = {17},
    url = {https://ac.els-cdn.com/S1525157815000458/1-s2.0-S1525157815000458-main.pdf?_tid=6b342386-d9da-11e7-bbe1-00000aab0f02&acdnat=1512491958_d0e802018b43dee43eae71ab746884d2 http://linkinghub.elsevier.com/retrieve/pii/S1525157815000458},
    doi = {10.1016/j.jmoldx.2014.12.006},
    issn = {15251578}
}

@article{Jensen2012,
    title = {{Mining electronic health records: towards better research applications and clinical care}},
    year = {2012},
    journal = {Nature Reviews Genetics},
    author = {Jensen, Peter B. and Jensen, Lars J and Brunak, Søren},
    number = {6},
    month = {5},
    pages = {395--405},
    volume = {13},
    url = {http://www.nature.com/doifinder/10.1038/nrg3208},
    isbn = {1471-0064 (Electronic){\textbackslash}r1471-0056 (Linking)},
    doi = {10.1038/nrg3208},
    issn = {1471-0056},
    pmid = {22549152}
}

@book{shatkay2012mining,
    title = {{Mining the Biomedical Literature}},
    year = {2012},
    author = {Shatkay, H and Craven, M},
    series = {Computational molecular biology},
    publisher = {MIT Press},
    url = {https://books.google.de/books?id=jwIKNRXwTdEC},
    isbn = {9780262017695}
}

@article{Caporaso2007,
    title = {{MutationFinder: a high-performance system for extracting point mutation mentions from text}},
    year = {2007},
    journal = {Bioinformatics},
    author = {Caporaso, J Gregory and Baumgartner, William A and Randolph, David A and Cohen, K Bretonnel and Hunter, Lawrence},
    number = {14},
    month = {7},
    pages = {1862--1865},
    volume = {23},
    url = {http://bionlp.sourceforge.net https://academic.oup.com/bioinformatics/article-lookup/doi/10.1093/bioinformatics/btm235},
    doi = {10.1093/bioinformatics/btm235},
    issn = {1367-4803}
}

@article{Salgado2012,
    title = {{MyMiner: a web application for computer-assisted biocuration and text annotation}},
    year = {2012},
    journal = {Bioinformatics},
    author = {Salgado, David and Krallinger, Martin and Depaule, Marc and Drula, Elodie and Tendulkar, Ashish V. and Leitner, Florian and Valencia, Alfonso and Marcelle, Christophe},
    number = {17},
    month = {9},
    pages = {2285--2287},
    volume = {28},
    url = {http://www.ncbi.nlm.nih.gov/pubmed/22789588 https://academic.oup.com/bioinformatics/article-lookup/doi/10.1093/bioinformatics/bts435},
    doi = {10.1093/bioinformatics/bts435},
    issn = {1460-2059},
    pmid = {22789588}
}

@article{Salgado2012a,
    title = {{MyMiner: a web application for computer-assisted biocuration and text annotation}},
    year = {2012},
    journal = {Bioinformatics},
    author = {Salgado, David and Krallinger, Martin and Depaule, Marc and Drula, Elodie and Tendulkar, Ashish V. and Leitner, Florian and Valencia, Alfonso and Marcelle, Christophe},
    number = {17},
    month = {9},
    pages = {2285--2287},
    volume = {28},
    publisher = {(to appear),},
    url = {https://academic.oup.com/bioinformatics/article-lookup/doi/10.1093/bioinformatics/bts435},
    doi = {10.1093/bioinformatics/bts435},
    issn = {1460-2059}
}

@article{Cejuela2017,
    title = {{nala: text mining natural language mutation mentions}},
    year = {2017},
    journal = {Bioinformatics},
    author = {Cejuela, Juan Miguel and Bojchevski, Aleksandar and Uhlig, Carsten and Bekmukhametov, Rustem and Kumar Karn, Sanjeev and Mahmuti, Shpend and Baghudana, Ashish and Dubey, Ankit and Satagopam, Venkata P and Rost, Burkhard},
    number = {12},
    month = {6},
    pages = {1852--1858},
    volume = {33},
    url = {https://oup.silverchair-cdn.com/oup/backfile/Content_public/Journal/bioinformatics/33/12/10.1093_bioinformatics_btx083/1/btx083.pdf?Expires=1502368688&Signature=d8MfyFyhAgxasmCYAW51T601ipxEKagcobUPEjpIIKgQKbrvAqAuj587lcm2WydNLOa~3~Do~DtxSNj8tgSPxyVTY2TWSD},
    doi = {10.1093/bioinformatics/btx083},
    issn = {1367-4803}
}

@book{nltk,
    title = {{Natural language processing with Python: analyzing text with the natural language toolkit}},
    year = {2009},
    author = {Bird, Steven and Klein, Ewan and Loper, Edward},
    publisher = {O'Reilly}
}

@article{Pruitt2012,
    title = {{NCBI Reference Sequences (RefSeq): current status, new features and genome annotation policy}},
    year = {2012},
    journal = {Nucleic Acids Research},
    author = {Pruitt, K. D. and Tatusova, T. and Brown, G. R. and Maglott, D. R.},
    number = {D1},
    month = {1},
    pages = {D130-D135},
    volume = {40},
    url = {http://www.ncbi.nlm.nih.gov/pubmed/22121212 http://www.pubmedcentral.nih.gov/articlerender.fcgi?artid=PMC3245008 https://academic.oup.com/nar/article-lookup/doi/10.1093/nar/gkr1079},
    doi = {10.1093/nar/gkr1079},
    issn = {0305-1048},
    pmid = {22121212}
}

@inproceedings{pu-negative-harmful,
    title = {{Negative Training Data Can be Harmful to Text Classification}},
    year = {2010},
    booktitle = {Proceedings of the 2010 Conference on Empirical Methods in Natural Language Processing, {\{}EMNLP{\}} 2010, 9-11 October 2010, {\{}MIT{\}} Stata Center, Massachusetts, USA, {\{}A{\}} meeting of SIGDAT, a Special Interest Group of the {\{}ACL{\}}},
    author = {Li, Xiaoli and Liu, Bing and Ng, See-Kiong},
    pages = {218--228},
    publisher = {ACL},
    url = {http://www.aclweb.org/anthology/D10-1022}
}

@article{Campos2013,
    title = {{Neji: a tool for heterogeneous biomedical concept identification}},
    year = {2013},
    journal = {Proceedings of BioLINK SIG},
    author = {Campos, D and Matos, S and Oliveira, Jl},
    number = {7},
    month = {5},
    pages = {1178--1190},
    volume = {20},
    url = {http://biolinksig.org/proceedings/2013/biolinksig2013_Campos_etal.pdf http://www.ncbi.nlm.nih.gov/pubmed/14871877%5Cnhttp://biolinksig.org/proceedings/2013/biolinksig2013_Campos_etal.pdf https://academic.oup.com/bioinformatics/article-lookup/doi/10.1093/b},
    doi = {10.1093/bioinformatics/bth060},
    issn = {1367-4803},
    pmid = {14871877},
    keywords = {Abstracting and Indexing as Topic, Abstracting and Indexing as Topic: methods, Algorithms, Artificial Intelligence, Bibliographic, Controlled, Database Management Systems, Databases, Information Storage and Retrieval, Information Storage and Retrieval: methods, Natural Language Processing, Periodicals as Topic, Reproducibility of Results, Sensitivity and Specificity, Terminology as Topic, Vocabulary}
}

@article{Gagan2015,
    title = {{Next-generation sequencing to guide cancer therapy}},
    year = {2015},
    journal = {Genome Medicine},
    author = {Gagan, Jeffrey and Van Allen, Eliezer M.},
    number = {1},
    month = {12},
    pages = {80},
    volume = {7},
    url = {http://www.ncbi.nlm.nih.gov/pubmed/26221189 http://www.pubmedcentral.nih.gov/articlerender.fcgi?artid=PMC4517547 http://genomemedicine.com/content/7/1/80},
    doi = {10.1186/s13073-015-0203-x},
    issn = {1756-994X},
    pmid = {26221189}
}

@inproceedings{Kang2016,
    title = {{Object Detection from Video Tubelets with Convolutional Neural Networks}},
    year = {2016},
    booktitle = {2016 IEEE Conference on Computer Vision and Pattern Recognition (CVPR)},
    author = {Kang, Kai and Ouyang, Wanli and Li, Hongsheng and Wang, Xiaogang},
    month = {6},
    pages = {817--825},
    publisher = {IEEE},
    url = {http://papers.nips.cc/paper/6385-matching-networks-for-one-shot-learning.pdf http://arxiv.org/abs/1606.04080 http://ieeexplore.ieee.org/document/7780464/},
    isbn = {978-1-4673-8851-1},
    doi = {10.1109/CVPR.2016.95},
    issn = {10636919},
    pmid = {24920543},
    arxivId = {1606.04080}
}

@article{Kraus2017,
    title = {{Olelo: a web application for intuitive exploration of biomedical literature}},
    year = {2017},
    journal = {Nucleic Acids Research},
    author = {Kraus, Milena and Niedermeier, Julian and Jankrift, Marcel and Tietb{\"{o}}hl, Sören and Stachewicz, Toni and Folkerts, Hendrik and Uflacker, Matthias and Neves, Mariana},
    number = {W1},
    month = {7},
    pages = {W478-W483},
    volume = {45},
    url = {https://www.ncbi.nlm.nih.gov/pmc/articles/PMC5570143/pdf/gkx363.pdf https://academic.oup.com/nar/article-lookup/doi/10.1093/nar/gkx363},
    doi = {10.1093/nar/gkx363},
    issn = {0305-1048}
}

@article{Henry2014,
    title = {{OMICtools: an informative directory for multi-omic data analysis}},
    year = {2014},
    journal = {Database},
    author = {Henry, V. J. and Bandrowski, A. E. and Pepin, A.-S. and Gonzalez, B. J. and Desfeux, A.},
    number = {0},
    month = {7},
    pages = {bau069-bau069},
    volume = {2014},
    url = {http://www.ncbi.nlm.nih.gov/pubmed/25024350 http://www.pubmedcentral.nih.gov/articlerender.fcgi?artid=PMC4095679 https://academic.oup.com/database/article-lookup/doi/10.1093/database/bau069},
    doi = {10.1093/database/bau069},
    issn = {1758-0463},
    pmid = {25024350}
}

@incollection{Ben-David2012,
    title = {{On the Hardness of Domain Adaptation and the Utility of Unlabeled Target Samples}},
    year = {2012},
    booktitle = {Algorithmic Learning Theory: 23rd International Conference, ALT 2012, Lyon, France, October 29-31, 2012. Proceedings},
    author = {Ben-David, Shai and Urner, Ruth},
    editor = {Bshouty, Nader H and Stoltz, Gilles and Vayatis, Nicolas and Zeugmann, Thomas},
    month = {10},
    pages = {139--153},
    publisher = {Springer Berlin Heidelberg},
    url = {https://doi.org/10.1007/978-3-642-34106-9_14 http://link.springer.com/10.1007/978-3-642-34106-9_14},
    address = {Berlin, Heidelberg},
    isbn = {978-3-642-34106-9},
    doi = {10.1007/978-3-642-34106-9{\_}14}
}

@article{Chakravarty2017,
    title = {{OncoKB: A Precision Oncology Knowledge Base}},
    year = {2017},
    journal = {JCO Precision Oncology},
    author = {Chakravarty, Debyani and Gao, Jianjiong and Phillips, Sarah and Kundra, Ritika and Zhang, Hongxin and Wang, Jiaojiao and Rudolph, Julia E. and Yaeger, Rona and Soumerai, Tara and Nissan, Moriah H. and Chang, Matthew T. and Chandarlapaty, Sarat and Traina, Tiffany A. and Paik, Paul K. and Ho, Alan L. and Hantash, Feras M. and Grupe, Andrew and Baxi, Shrujal S. and Callahan, Margaret K. and Snyder, Alexandra and Chi, Ping and Danila, Daniel C. and Gounder, Mrinal and Harding, James J. and Hellmann, Matthew D. and Iyer, Gopa and Janjigian, Yelena Y. and Kaley, Thomas and Levine, Douglas A. and Lowery, Maeve and Omuro, Antonio and Postow, Michael A. and Rathkopf, Dana and Shoushtari, Alexander N. and Shukla, Neerav and Voss, Martin H. and Paraiso, Ederlinda and Zehir, Ahmet and Berger, Michael F. and Taylor, Barry S. and Saltz, Leonard B. and Riely, Gregory J. and Ladanyi, Marc and Hyman, David M. and Baselga, José and Sabbatini, Paul and Solit, David B. and Schultz, Nikolaus},
    number = {1},
    month = {7},
    pages = {1--16},
    volume = {1},
    publisher = {American Society of Clinical Oncology},
    url = {http://ascopubs.org/doi/10.1200/PO.17.00011},
    doi = {10.1200/PO.17.00011},
    issn = {2473-4284}
}

@article{Hamosh2004a,
    title = {{Online Mendelian Inheritance in Man (OMIM), a knowledgebase of human genes and genetic disorders}},
    year = {2004},
    journal = {Nucleic Acids Research},
    author = {Hamosh, Ada},
    number = {Database issue},
    month = {12},
    pages = {D514-D517},
    volume = {33},
    publisher = {Oxford University Press},
    url = {http://www.ncbi.nlm.nih.gov/pubmed/15608251 http://www.pubmedcentral.nih.gov/articlerender.fcgi?artid=PMC539987 https://academic.oup.com/nar/article-lookup/doi/10.1093/nar/gki033},
    doi = {10.1093/nar/gki033},
    issn = {1362-4962},
    pmid = {15608251}
}

@misc{PMC2017,
    title = {{Open Access Subset}},
    author = {Medicine, National Library of},
    url = {https://www.ncbi.nlm.nih.gov//pmc/tools/openftlist/}
}

@misc{corpora,
    title = {{Open Biomedical Corpora}},
    year = {2017},
    url = {https://github.com/openbiocorpora}
}

@article{Batista-Navarro2015,
    title = {{Optimising chemical named entity recognition with pre-processing analytics, knowledge-rich features and heuristics}},
    year = {2015},
    journal = {Journal of Cheminformatics},
    author = {Batista-Navarro, Riza and Rak, Rafal and Ananiadou, Sophia},
    number = {Suppl 1 Text mining for chemistry and the CHEMDNER track},
    pages = {S6},
    volume = {7},
    publisher = {Springer},
    url = {http://www.ncbi.nlm.nih.gov/pubmed/25810777 http://www.pubmedcentral.nih.gov/articlerender.fcgi?artid=PMC4331696},
    doi = {10.1186/1758-2946-7-S1-S6},
    issn = {17582946},
    pmid = {25810777},
    keywords = {Chemical named entity recognition, Conditional random fields, Configurable workflows, Feature engineering, Sequence labelling, Text mining, Workflow optimisation}
}

@article{Roberts2017,
    title = {{Overview of the TREC 2017 Precision Medicine Track}},
    year = {2017},
    journal = {TREC},
    author = {Roberts, Kirk and Demner-fushman, Dina and Voorhees, Ellen M and Hersh, William R and Bedrick, Steven and Lazar, Alexander J},
    pages = {1--12},
    url = {https://trec.nist.gov/pubs/trec26/papers/Overview-PM.pdf}
}

@inproceedings{partially,
    title = {{Partially Supervised Classification of Text Documents}},
    year = {2002},
    booktitle = {Machine Learning, Proceedings of the Nineteenth International Conference ({\{}ICML{\}} 2002), Sydney, Australia},
    author = {Liu, Bing and Lee, Wee Sun and Yu, Philip S and Li, Xiaoli},
    editor = {Sammut, Claude and Hoffmann, Achim G},
    pages = {387--394},
    publisher = {Morgan Kaufmann}
}

@article{Doig2017,
    title = {{PathOS: a decision support system for reporting high throughput sequencing of cancers in clinical diagnostic laboratories}},
    year = {2017},
    journal = {Genome Medicine},
    author = {Doig, Kenneth D. and Fellowes, Andrew and Bell, Anthony H. and Seleznev, Andrei and Ma, David and Ellul, Jason and Li, Jason and Doyle, Maria A. and Thompson, Ella R. and Kumar, Amit and Lara, Luis and Vedururu, Ravikiran and Reid, Gareth and Conway, Thomas and Papenfuss, Anthony T. and Fox, Stephen B.},
    number = {1},
    month = {12},
    pages = {38},
    volume = {9},
    publisher = {BioMed Central},
    url = {http://genomemedicine.biomedcentral.com/articles/10.1186/s13073-017-0427-z},
    doi = {10.1186/s13073-017-0427-z},
    issn = {1756-994X},
    keywords = {Bioinformatics, Cancer Research, Human Genetics, Medicine/Public Health, Metabolomics, Systems Biology, general}
}

@article{Whirl-Carrillo2012,
    title = {{Pharmacogenomics Knowledge for Personalized Medicine}},
    year = {2012},
    journal = {Clinical Pharmacology {\&} Therapeutics},
    author = {Whirl-Carrillo, M and McDonagh, E M and Hebert, J M and Gong, L and Sangkuhl, K and Thorn, C F and Altman, R B and Klein, T E},
    number = {4},
    month = {10},
    pages = {414--417},
    volume = {92},
    url = {http://www.ncbi.nlm.nih.gov/pubmed/22992668 http://www.pubmedcentral.nih.gov/articlerender.fcgi?artid=PMC3660037 http://doi.wiley.com/10.1038/clpt.2012.96},
    doi = {10.1038/clpt.2012.96},
    issn = {0009-9236},
    pmid = {22992668}
}

@article{Rubin2004,
    title = {{Pharmspresso: a text mining tool for extraction of pharmacogenomic concepts and relationships from full text}},
    year = {2009},
    journal = {BMC Bioinformatics},
    author = {Garten, Yael and Altman, Russ B},
    number = {Suppl 2},
    month = {11},
    pages = {S6},
    volume = {10},
    publisher = {BioMed Central},
    url = {http://jamia.oxfordjournals.org/cgi/doi/10.1197/jamia.M1640 http://www.biomedcentral.com/1471-2105/10/S2/S6},
    doi = {10.1186/1471-2105-10-S2-S6},
    issn = {1471-2105},
    keywords = {Algorithms, Bioinformatics, Combinatorial Libraries, Computational Biology/Bioinformatics, Computer Appl. in Life Sciences, Microarrays}
}

@inproceedings{W18-2313,
    title = {{Phrase2VecGLM: Neural generalized language model--based semantic tagging for complex query reformulation in medical IR}},
    year = {2018},
    booktitle = {Proceedings of the BioNLP 2018 workshop},
    author = {Das, Manirupa and Fosler-Lussier, Eric and Lin, Simon and Moosavinasab, Soheil and Chen, David and Rust, Steve and Huang, Yungui and Ramnath, Rajiv},
    pages = {118--128},
    publisher = {Association for Computational Linguistics},
    url = {http://aclweb.org/anthology/W18-2313}
}

@article{Song2015,
    title = {{PKDE4J: Entity and relation extraction for public knowledge discovery}},
    year = {2015},
    journal = {Journal of Biomedical Informatics},
    author = {Song, Min and Kim, Won Chul and Lee, Dahee and Heo, Go Eun and Kang, Keun Young},
    month = {10},
    pages = {320--332},
    volume = {57},
    url = {http://linkinghub.elsevier.com/retrieve/pii/S1532046415001756},
    doi = {10.1016/j.jbi.2015.08.008},
    issn = {15320464},
    keywords = {Information extraction, Named entity recognition, Relation extraction, Text mining}
}

@article{Liu2015,
    title = {{PolySearch2: a significantly improved text-mining system for discovering associations between human diseases, genes, drugs, metabolites, toxins and more}},
    year = {2015},
    journal = {Nucleic Acids Research},
    author = {Liu, Yifeng and Liang, Yongjie and Wishart, David},
    number = {W1},
    month = {7},
    pages = {W535-W542},
    volume = {43},
    publisher = {Oxford University Press},
    url = {https://academic.oup.com/nar/article-lookup/doi/10.1093/nar/gkv383},
    doi = {10.1093/nar/gkv383},
    issn = {0305-1048}
}

@article{Garraway2013,
    title = {{Precision Oncology: An Overview}},
    year = {2013},
    journal = {Journal of Clinical Oncology},
    author = {Garraway, Levi A and Verweij, Jaap and Ballman, Karla V},
    number = {15},
    month = {5},
    pages = {1803--1805},
    volume = {31},
    publisher = {American Society of Clinical Oncology},
    url = {http://ascopubs.org/doi/10.1200/JCO.2013.49.4799 http://www.ncbi.nlm.nih.gov/pubmed/23589545},
    doi = {10.1200/JCO.2013.49.4799},
    issn = {0732-183X},
    pmid = {23589545}
}

@misc{predict,
    title = {{PREDICT | comPREhensive Data Integration for Cancer Treatment}},
    year = {2017},
    author = {Leser, Ulf and {others}},
    howpublished = {{\textbackslash}url{\{}http://predict.informatik.hu-berlin.de{\}}}
}

@inproceedings{Ba2015a,
    title = {{Predicting Deep Zero-Shot Convolutional Neural Networks Using Textual Descriptions}},
    year = {2015},
    booktitle = {2015 IEEE International Conference on Computer Vision (ICCV)},
    author = {Ba, Jimmy Lei and Swersky, Kevin and Fidler, Sanja and Salakhutdinov, Ruslan},
    month = {12},
    pages = {4247--4255},
    publisher = {IEEE},
    url = {http://arxiv.org/abs/1506.00511 http://ieeexplore.ieee.org/document/7410840/},
    isbn = {978-1-4673-8391-2},
    doi = {10.1109/ICCV.2015.483},
    arxivId = {1506.00511}
}

@article{Singhal2016c,
    title = {{Pressing needs of biomedical text mining in biocuration and beyond: opportunities and challenges}},
    year = {2016},
    journal = {Database},
    author = {Singhal, Ayush and Leaman, Robert and Catlett, Natalie and Lemberger, Thomas and McEntyre, Johanna and Polson, Shawn and Xenarios, Ioannis and Arighi, Cecilia and Lu, Zhiyong},
    number = {0},
    month = {12},
    pages = {baw161},
    volume = {2016},
    publisher = {Oxford University Press},
    url = {https://academic.oup.com/database/article-lookup/doi/10.1093/database/baw161},
    doi = {10.1093/database/baw161},
    issn = {1758-0463}
}

@article{Geifman2014,
    title = {{Promoting Precision Cancer Medicine through a Community-Driven Knowledgebase}},
    year = {2014},
    journal = {Journal of Personalized Medicine},
    author = {Geifman, Nophar and Haviv, Izhak and Kurzrock, Razelle and Rubin, Eitan},
    number = {4},
    month = {12},
    pages = {475--488},
    volume = {4},
    publisher = {Multidisciplinary Digital Publishing Institute (MDPI)},
    url = {http://www.ncbi.nlm.nih.gov/pubmed/25563458 http://www.pubmedcentral.nih.gov/articlerender.fcgi?artid=PMC4282884 http://www.mdpi.com/2075-4426/4/4/475/},
    doi = {10.3390/jpm4040475},
    issn = {2075-4426},
    pmid = {25563458}
}

@article{Subramani2014,
    title = {{ProNormz – An integrated approach for human proteins and protein kinases normalization}},
    year = {2014},
    journal = {Journal of Biomedical Informatics},
    author = {Subramani, Suresh and Raja, Kalpana and Natarajan, Jeyakumar},
    month = {2},
    pages = {131--138},
    volume = {47},
    publisher = {Academic Press},
    url = {http://www.sciencedirect.com/science/article/pii/S153204641300155X http://linkinghub.elsevier.com/retrieve/pii/S153204641300155X},
    doi = {10.1016/j.jbi.2013.10.003},
    issn = {15320464}
}

@misc{pubmed,
    title = {{PubMed}},
    author = {of Medicine (US), Bethesda (MD): National Library},
    howpublished = {{\textbackslash}url{\{}https://www.ncbi.nlm.nih.gov/pubmed{\}}}
}

@article{Lu2011,
    title = {{PubMed and beyond: a survey of web tools for searching biomedical literature}},
    year = {2011},
    journal = {Database},
    author = {Lu, Zhiyong},
    month = {1},
    pages = {baq036-baq036},
    volume = {2011},
    publisher = {Oxford University Press},
    url = {http://www.ncbi.nlm.nih.gov/pubmed/21245076 http://www.pubmedcentral.nih.gov/articlerender.fcgi?artid=PMC3025693 https://academic.oup.com/database/article-lookup/doi/10.1093/database/baq036},
    doi = {10.1093/database/baq036},
    issn = {1758-0463},
    pmid = {21245076}
}

@article{Lu2011a,
    title = {{PubMed and beyond: a survey of web tools for searching biomedical literature}},
    year = {2011},
    journal = {Database},
    author = {Lu, Z.},
    number = {0},
    month = {1},
    pages = {baq036-baq036},
    volume = {2011},
    url = {http://www.ncbi.nlm.nih.gov/pubmed/21245076 http://www.pubmedcentral.nih.gov/articlerender.fcgi?artid=PMC3025693 https://academic.oup.com/database/article-lookup/doi/10.1093/database/baq036},
    doi = {10.1093/database/baq036},
    issn = {1758-0463},
    pmid = {21245076}
}

@article{Lu2011b,
    title = {{PubMed and beyond: a survey of web tools for searching biomedical literature.}},
    year = {2011},
    journal = {Database : the journal of biological databases and curation},
    author = {Lu, Zhiyong},
    pages = {baq036},
    volume = {2011},
    publisher = {Oxford University Press},
    url = {http://www.ncbi.nlm.nih.gov/pubmed/21245076 http://www.pubmedcentral.nih.gov/articlerender.fcgi?artid=PMC3025693},
    doi = {10.1093/database/baq036},
    issn = {1758-0463},
    pmid = {21245076}
}

@article{Wei2013a,
    title = {{PubTator: a web-based text mining tool for assisting biocuration}},
    year = {2013},
    journal = {Nucleic Acids Research},
    author = {Wei, Chih-Hsuan and Kao, H.-Y. and Lu, Zhiyong},
    number = {W1},
    month = {7},
    pages = {W518-W522},
    volume = {41},
    publisher = {Oxford University Press},
    url = {http://www.ncbi.nlm.nih.gov/pubmed/23703206 http://www.pubmedcentral.nih.gov/articlerender.fcgi?artid=PMC3692066 https://academic.oup.com/nar/article-lookup/doi/10.1093/nar/gkt441},
    doi = {10.1093/nar/gkt441},
    issn = {0305-1048},
    pmid = {23703206}
}

@article{pubtator,
    title = {{PubTator: a web-based text mining tool for assisting biocuration}},
    year = {2013},
    journal = {Nucleic Acids Research},
    author = {Wei, Chih-Hsuan and Kao, Hung-Yu and Lu, Zhiyong},
    number = {Webserver-Issue},
    pages = {518--522},
    volume = {41},
    url = {https://doi.org/10.1093/nar/gkt441},
    doi = {10.1093/nar/gkt441}
}

@article{Zhou2004,
    title = {{Recognizing names in biomedical texts: a machine learning approach}},
    year = {2004},
    journal = {Bioinformatics},
    author = {Zhou, G. and Zhang, J. and Su, J. and Shen, D. and Tan, C.},
    number = {7},
    month = {5},
    pages = {1178--1190},
    volume = {20},
    url = {http://www.ncbi.nlm.nih.gov/pubmed/14871877%5Cnhttp://biolinksig.org/proceedings/2013/biolinksig2013_Campos_etal.pdf https://academic.oup.com/bioinformatics/article-lookup/doi/10.1093/bioinformatics/bth060},
    doi = {10.1093/bioinformatics/bth060},
    issn = {1367-4803},
    pmid = {14871877},
    keywords = {Abstracting and Indexing as Topic, Abstracting and Indexing as Topic: methods, Algorithms, Artificial Intelligence, Bibliographic, Controlled, Database Management Systems, Databases, Information Storage and Retrieval, Information Storage and Retrieval: methods, Natural Language Processing, Periodicals as Topic, Reproducibility of Results, Sensitivity and Specificity, Terminology as Topic, Vocabulary}
}

@inproceedings{Yu2009,
    title = {{RefMed}},
    year = {2009},
    booktitle = {Proceeding of the 18th ACM conference on Information and knowledge management - CIKM '09},
    author = {Yu, Hwanjo and Kim, Taehoon and Oh, Jinoh and Ko, Ilhwan and Kim, Sungchul},
    number = {1-2},
    month = {9},
    pages = {2099},
    publisher = {ACM Press},
    url = {http://portal.acm.org/citation.cfm?doid=1645953.1646322},
    address = {New York, New York, USA},
    isbn = {9781605585123},
    doi = {10.1145/1645953.1646322},
    keywords = {PubMed, relevance feedback}
}

@inproceedings{rl,
    title = {{Reinforcement learning algorithms for solving classification problems}},
    year = {2011},
    booktitle = {2011 {\{}IEEE{\}} Symposium on Adaptive Dynamic Programming And Reinforcement Learning, Paris, France},
    author = {Wiering, Marco A and van Hasselt, Hado and Pietersma, Auke-Dirk and Schomaker, Lambert},
    pages = {91--96},
    publisher = {IEEE},
    url = {https://doi.org/10.1109/ADPRL.2011.5967372},
    doi = {10.1109/ADPRL.2011.5967372}
}

@article{Wang2016,
    title = {{Relational Knowledge Transfer for Zero-Shot Learning}},
    year = {2016},
    journal = {Proceedings of the 30th Conference on Artificial Intelligence (AAAI 2016)},
    author = {Wang, Donghui and Li, Yanan and Lin, Yuetan and Zhuang, Yueting},
    pages = {2145--2151},
    url = {file:///C:/Users/sevajuri/AppData/Local/Temp/11802-56006-1-PB.pdf https://www.aaai.org/ocs/index.php/AAAI/AAAI16/paper/viewFile/11802/11854},
    isbn = {9781577357605},
    keywords = {Technical Papers: Machine Learning Methods}
}

@book{Berryman,
    title = {{Relevant SearcWith applications for Solr and Elasticsearch Doug Turnbull}},
    year = {2016},
    author = {Turnbull, Doug and Berryman, John},
    pages = {360},
    isbn = {9781617292774}
}

@inproceedings{reserved,
    title = {{Reserved Self-training: {\{}A{\}} Semi-supervised Sentiment Classification Method for Chinese Microblogs}},
    year = {2013},
    booktitle = {Sixth International Joint Conference on Natural Language Processing, Nagoya, Japan},
    author = {Liu, Zhiguang and Dong, Xishuang and Guan, Yi and Yang, Jinfeng},
    pages = {455--462},
    publisher = {Asian Federation of Natural Language Processing / {\{}ACL{\}}}
}

@inproceedings{Shigeto2015a,
    title = {{Ridge regression, hubness, and zero-shot learning}},
    year = {2015},
    booktitle = {Lecture Notes in Computer Science (including subseries Lecture Notes in Artificial Intelligence and Lecture Notes in Bioinformatics)},
    author = {Shigeto, Yutaro and Suzuki, Ikumi and Hara, Kazuo and Shimbo, Masashi and Matsumoto, Yuji},
    pages = {135--151},
    volume = {9284},
    publisher = {Springer Verlag}
}

@article{Abeel2010,
    title = {{Robust biomarker identification for cancer diagnosis with ensemble feature selection methods}},
    year = {2010},
    journal = {Bioinformatics},
    author = {Abeel, Thomas and Helleputte, Thibault and Van de Peer, Y. and Dupont, Pierre and Saeys, Yvan},
    number = {3},
    month = {2},
    pages = {392--398},
    volume = {26},
    url = {https://academic.oup.com/bioinformatics/article-lookup/doi/10.1093/bioinformatics/btp630},
    doi = {10.1093/bioinformatics/btp630},
    issn = {1367-4803}
}

@article{sklearn,
    title = {{Scikit-learn: Machine Learning in {\{}P{\}}ython}},
    year = {2011},
    journal = {Journal of Machine Learning Research},
    author = {Pedregosa, F and Varoquaux, G and Gramfort, A and Michel, V and Thirion, B and Grisel, O and Blondel, M and Prettenhofer, P and Weiss, R and Dubourg, V and Vanderplas, J and Passos, A and Cournapeau, D and Brucher, M and Perrot, M and Duchesnay, E},
    pages = {2825--2830},
    volume = {12}
}

@article{Fu2014d,
    title = {{Semantic Graph for Zero-Shot Learning}},
    year = {2014},
    journal = {ArXiv},
    author = {Fu, Zhen-yong and Xiang, Tao and Gong, Shaogang},
    pages = {1--9},
    arxivId = {arXiv:1406.4112v1},
    keywords = {and computer science, antic graph for zero-shot, gong, learning, london, queen mary university of, school of electronic engineering, tao xiang and shaogang, uk, zhen-yong fu}
}

@article{Rindflesch2011,
    title = {{Semantic MEDLINE: An advanced information management application for biomedicine}},
    year = {2011},
    journal = {Information Services {\&} Use},
    author = {Rindflesch, Thomas C and Kilicoglu, Halil and Fiszman, Marcelo and Rosemblat, Graciela and Shin, Dongwook},
    number = {1-2},
    month = {9},
    pages = {15--21},
    volume = {31},
    publisher = {IOS Press},
    url = {https://skr3.nlm.nih.gov/SemMedDB/Rindflesch2011.pdf http://www.medra.org/servlet/aliasResolver?alias=iospress&doi=10.3233/ISU-2011-0627},
    doi = {10.3233/ISU-2011-0627},
    issn = {18758789},
    keywords = {Biomedical information management, automatic summarization, clock genes, graphical information representation, semantic processing}
}

@article{Kohler2003,
    title = {{SEMEDA: Ontology based semantic integration of biological databases}},
    year = {2003},
    journal = {Bioinformatics},
    author = {K{\"{o}}hler, Jacob and Philippi, Stephan and Lange, Matthias},
    number = {18},
    month = {12},
    pages = {2420--2427},
    volume = {19},
    url = {http://www.ncbi.nlm.nih.gov/pubmed/14668226},
    isbn = {1367-4803 (Print)},
    doi = {10.1093/bioinformatics/btg340},
    issn = {13674803},
    pmid = {14668226}
}

@book{semi,
    title = {{Semi-Supervised Learning}},
    year = {2006},
    editor = {Chapelle, O and Sch{\"{o}}lkopf, B and Zien, A},
    publisher = {MIT Press},
    url = {http://www.kyb.tuebingen.mpg.de/ssl-book},
    address = {Cambridge, MA}
}

@incollection{selftraining,
    title = {{Semi-supervised Self-training for Sentence Subjectivity Classification}},
    year = {2008},
    booktitle = {Advances in Artificial Intelligence},
    author = {Wang, Bin and Spencer, Bruce and Ling, Charles X and Zhang, Harry},
    editor = {Bergler, Sabine},
    pages = {344--355},
    publisher = {Springer Berlin Heidelberg},
    url = {http://link.springer.com/10.1007/978-3-540-68825-9_32},
    address = {Berlin, Heidelberg},
    doi = {10.1007/978-3-540-68825-9{\_}32}
}

@inproceedings{Li2015c,
    title = {{Semi-Supervised Zero-Shot Classification with Label Representation Learning}},
    year = {2015},
    booktitle = {2015 IEEE International Conference on Computer Vision (ICCV)},
    author = {Li, Xin and Guo, Yuhong and Schuurmans, Dale},
    month = {12},
    pages = {4211--4219},
    volume = {2015 Inter},
    publisher = {IEEE},
    url = {http://ieeexplore.ieee.org/document/7410836/},
    isbn = {978-1-4673-8391-2},
    doi = {10.1109/ICCV.2015.479},
    issn = {15505499}
}

@article{Thomas2016,
    title = {{SETH detects and normalizes genetic variants in text}},
    year = {2016},
    journal = {Bioinformatics},
    author = {Thomas, Philippe and Rockt{\"{a}}schel, Tim and Hakenberg, Jörg and Lichtblau, Yvonne and Leser, Ulf},
    number = {18},
    month = {9},
    pages = {2883--2885},
    volume = {32},
    url = {https://academic.oup.com/bioinformatics/article-lookup/doi/10.1093/bioinformatics/btw234},
    doi = {10.1093/bioinformatics/btw234},
    issn = {1367-4803}
}

@article{Ritter2016,
    title = {{Somatic cancer variant curation and harmonization through consensus minimum variant level data}},
    year = {2016},
    journal = {Genome Medicine},
    author = {Ritter, Deborah I and Roychowdhury, Sameek and Roy, Angshumoy and Rao, Shruti and Landrum, Melissa J and Sonkin, Dmitriy and Shekar, Mamatha and Davis, Caleb F and Hart, Reece K and Micheel, Christine and Weaver, Meredith and Van Allen, Eliezer M and Parsons, Donald W and McLeod, Howard L. and Watson, Michael S and Plon, Sharon E and Kulkarni, Shashikant and Madhavan, Subha},
    number = {1},
    month = {12},
    pages = {117},
    volume = {8},
    url = {http://genomemedicine.biomedcentral.com/articles/10.1186/s13073-016-0367-z},
    doi = {10.1186/s13073-016-0367-z},
    issn = {1756-994X}
}

@article{Li2017,
    title = {{Standards and Guidelines for the Interpretation and Reporting of Sequence Variants in Cancer}},
    year = {2017},
    journal = {The Journal of Molecular Diagnostics},
    author = {Li, Marilyn M and Datto, Michael and Duncavage, Eric J and Kulkarni, Shashikant and Lindeman, Neal I and Roy, Somak and Tsimberidou, Apostolia M and Vnencak-Jones, Cindy L and Wolff, Daynna J and Younes, Anas and Nikiforova, Marina N},
    number = {1},
    month = {1},
    pages = {4--23},
    volume = {19},
    url = {http://linkinghub.elsevier.com/retrieve/pii/S1525157816302239},
    doi = {10.1016/j.jmoldx.2016.10.002},
    issn = {15251578}
}

@article{Wu2017,
    title = {{StarSpace: Embed All The Things!}},
    year = {2017},
    author = {Wu, Ledell and Fisch, Adam and Chopra, Sumit and Adams, Keith and Bordes, Antoine and Weston, Jason},
    month = {9},
    url = {https://arxiv.org/pdf/1709.03856.pdf http://arxiv.org/abs/1709.03856},
    arxivId = {1709.03856}
}

@article{Roberts2016,
    title = {{State-of-the-art in biomedical literature retrieval for clinical cases: a survey of the TREC 2014 CDS track}},
    year = {2016},
    journal = {Information Retrieval Journal},
    author = {Roberts, Kirk and Simpson, Matthew and Demner-Fushman, Dina and Voorhees, Ellen and Hersh, William},
    number = {1-2},
    month = {4},
    pages = {113--148},
    volume = {19},
    publisher = {Springer Netherlands},
    url = {http://link.springer.com/10.1007/s10791-015-9259-x},
    doi = {10.1007/s10791-015-9259-x},
    issn = {1386-4564}
}

@article{Jagannatha2016a,
    title = {{Structured prediction models for RNN based sequence labeling in clinical text.}},
    year = {2016},
    journal = {Proceedings of the Conference on Empirical Methods in Natural Language Processing. Conference on Empirical Methods in Natural Language Processing},
    author = {Jagannatha, Abhyuday N and Yu, Hong},
    month = {11},
    pages = {856--865},
    volume = {2016},
    publisher = {NIH Public Access},
    url = {http://www.ncbi.nlm.nih.gov/pubmed/28004040 http://www.pubmedcentral.nih.gov/articlerender.fcgi?artid=PMC5167535},
    pmid = {28004040}
}

@article{teufel,
    title = {{Summarizing Scientific Articles: Experiments with Relevance and Rhetorical Status}},
    year = {2002},
    journal = {Computational Linguistics},
    author = {Teufel, Simone and Moens, Marc},
    number = {4},
    pages = {409--445},
    volume = {28},
    url = {https://doi.org/10.1162/089120102762671936},
    doi = {10.1162/089120102762671936}
}

@inproceedings{Changpinyo2016,
    title = {{Synthesized Classifiers for Zero-Shot Learning}},
    year = {2016},
    booktitle = {2016 IEEE Conference on Computer Vision and Pattern Recognition (CVPR)},
    author = {Changpinyo, Soravit and Chao, Wei-Lun and Gong, Boqing and Sha, Fei},
    month = {6},
    pages = {5327--5336},
    publisher = {IEEE},
    url = {http://arxiv.org/abs/1603.00550 http://ieeexplore.ieee.org/document/7780944/},
    isbn = {978-1-4673-8851-1},
    doi = {10.1109/CVPR.2016.575},
    issn = {10636919},
    arxivId = {1603.00550}
}

@article{Cejuela2014,
    title = {{tagtog: interactive and text-mining-assisted annotation of gene mentions in PLOS full-text articles}},
    year = {2014},
    journal = {Database},
    author = {Cejuela, J. M. and McQuilton, P. and Ponting, L. and Marygold, S. J. and Stefancsik, R. and Millburn, G. H. and Rost, B.},
    number = {0},
    month = {4},
    pages = {bau033-bau033},
    volume = {2014},
    publisher = {Oxford University Press},
    url = {https://academic.oup.com/database/article-lookup/doi/10.1093/database/bau033},
    doi = {10.1093/database/bau033},
    issn = {1758-0463}
}

@inproceedings{joachims,
    title = {{Text Categorization with Support Vector Machines: Learning with Many Relevant Features}},
    year = {1998},
    booktitle = {Machine Learning: ECML-98, Chemnitz, Germany},
    author = {Joachims, Thorsten},
    editor = {Nedellec, Claire and Rouveirol, Céline},
    pages = {137--142},
    series = {Lecture Notes in Computer Science},
    volume = {1398},
    publisher = {Springer},
    url = {https://doi.org/10.1007/BFb0026683},
    doi = {10.1007/BFb0026683}
}

@article{Ravikumar2015,
    title = {{Text mining facilitates database curation - extraction of mutation-disease associations from Bio-medical literature}},
    year = {2015},
    journal = {BMC Bioinformatics},
    author = {Ravikumar, Komandur Elayavilli and Wagholikar, Kavishwar B. and Li, Dingcheng and Kocher, Jean-Pierre and Liu, Hongfang},
    number = {1},
    month = {12},
    pages = {185},
    volume = {16},
    publisher = {BioMed Central},
    url = {http://bmcbioinformatics.biomedcentral.com/articles/10.1186/s12859-015-0609-x},
    doi = {10.1186/s12859-015-0609-x},
    issn = {1471-2105},
    keywords = {Algorithms, Bioinformatics, Computational Biology/Bioinformatics, Computer Appl. in Life Sciences, Microarrays}
}

@article{Ravikumar2015a,
    title = {{Text mining facilitates database curation - extraction of mutation-disease associations from Bio-medical literature}},
    year = {2015},
    journal = {BMC Bioinformatics},
    author = {Ravikumar, Komandur Elayavilli and Wagholikar, Kavishwar B. and Li, Dingcheng and Kocher, Jean-Pierre and Liu, Hongfang},
    number = {1},
    month = {12},
    pages = {185},
    volume = {16},
    publisher = {BioMed Central},
    url = {http://bmcbioinformatics.biomedcentral.com/articles/10.1186/s12859-015-0609-x http://www.ncbi.nlm.nih.gov/pubmed/26047637 http://www.pubmedcentral.nih.gov/articlerender.fcgi?artid=PMC4457984},
    doi = {10.1186/s12859-015-0609-x},
    issn = {1471-2105},
    pmid = {26047637},
    keywords = {Algorithms, Bioinformatics, Computational Biology/Bioinformatics, Computer Appl. in Life Sciences, Microarrays}
}

@inproceedings{Korkontzelos2011,
    title = {{Text mining for efficient search and assisted creation of clinical trials}},
    year = {2011},
    booktitle = {Proceedings of the ACM fifth international workshop on Data and text mining in biomedical informatics - DTMBIO '11},
    author = {Korkontzelos, Ioannis and Mu, Tingting and Restificar, Angelo and Ananiadou, Sophia},
    pages = {43},
    publisher = {ACM Press},
    url = {http://delivery.acm.org/10.1145/2070000/2064706/p43-korkontzelos.pdf?ip=141.20.31.103&id=2064706&acc=ACTIVE SERVICE&key=2BA2C432AB83DA15.04C410D892D772C0.4D4702B0C3E38B35.4D4702B0C3E38B35&CFID=834787516&CFTOKEN=96671401&__acm__=1513170565_6e8f5b9feff21b57},
    address = {New York, New York, USA},
    isbn = {9781450309608},
    doi = {10.1145/2064696.2064706},
    keywords = {Algorithms Keywords clinical trials, H35 [Information Storage and Retrieval], Information Search and Retrieval—Search process, J3 [Computer Applications], Life and Medical Sciences—Health, Medical information systems General Terms Design, Online Information Services— Web-based services, cluster labels, clustering, eligibility criteria, facet, term extraction, terms}
}

@article{Singhal2016,
    title = {{Text mining for precision medicine: automating disease-mutation relationship extraction from biomedical literature}},
    year = {2016},
    journal = {Journal of the American Medical Informatics Association},
    author = {Singhal, Ayush and Simmons, Michael and Lu, Zhiyong},
    number = {4},
    month = {7},
    pages = {766--772},
    volume = {23},
    url = {http://jamia.oxfordjournals.org/lookup/doi/10.1093/jamia/ocw041},
    doi = {10.1093/jamia/ocw041},
    issn = {1067-5027},
    keywords = {automated extraction, breast cancer, disease-mutation relationship, machine learning, precision medicine, prostate cancer, text mining}
}

@article{Singhal2016d,
    title = {{Text mining for precision medicine: automating disease-mutation relationship extraction from biomedical literature}},
    year = {2016},
    journal = {Journal of the American Medical Informatics Association},
    author = {Singhal, Ayush and Simmons, Michael and Lu, Zhiyong},
    number = {4},
    month = {7},
    pages = {766--772},
    volume = {23},
    publisher = {American Medical Informatics Association},
    url = {http://www.ncbi.nlm.nih.gov/pubmed/27121612 http://www.pubmedcentral.nih.gov/articlerender.fcgi?artid=PMC4926749 https://academic.oup.com/jamia/article-lookup/doi/10.1093/jamia/ocw041},
    doi = {10.1093/jamia/ocw041},
    issn = {1067-5027},
    pmid = {27121612},
    keywords = {automated extraction, breast cancer, disease-mutation relationship, machine learning, precision medicine, prostate cancer, text mining}
}

@incollection{Kusonmano2016,
    title = {{Text Mining for Precision Medicine: Bringing Structure to EHRs and Biomedical Literature to Understand Genes and Health}},
    year = {2016},
    booktitle = {Translational Biomedical Informatics - A Precision Medicine Perspective},
    author = {Simmons, Michael and Singhal, Ayush and Lu, Zhiyong},
    editor = {Shen, Bairong and Tang, Haixu and Jiang, Xiaoqian},
    chapter = {7},
    pages = {139--166},
    series = {Advances in Experimental Medicine and Biology},
    volume = {939},
    publisher = {Springer Singapore},
    url = {http://link.springer.com/10.1007/978-981-10-1503-8_5 http://link.springer.com/10.1007/978-981-10-1503-8},
    address = {Singapore},
    isbn = {978-981-10-1502-1},
    doi = {10.1007/978-981-10-1503-8},
    issn = {2214-8019},
    keywords = {Data acquisition and analysis, Data mining, Informatics techniques, Metabolite biomarkers, Metabolomics}
}

@incollection{Simmons2016,
    title = {{Text Mining for Precision Medicine: Bringing Structure to EHRs and Biomedical Literature to Understand Genes and Health}},
    year = {2016},
    booktitle = {Translational Biomedical Informatics: A Precision Medicine Perspective},
    author = {Simmons, Michael and Singhal, Ayush and Lu, Zhiyong},
    editor = {Shen, Bairong and Tang, Haixu and Jiang, Xiaoqian},
    pages = {139--166},
    publisher = {Springer Singapore},
    url = {https://doi.org/10.1007/978-981-10-1503-8_7},
    address = {Singapore},
    isbn = {978-981-10-1503-8},
    doi = {10.1007/978-981-10-1503-8{\_}7}
}

@incollection{Simmons2016b,
    title = {{Text Mining for Precision Medicine: Bringing Structure to EHRs and Biomedical Literature to Understand Genes and Health}},
    year = {2016},
    booktitle = {Translational Biomedical Informatics: A Precision Medicine Perspective},
    author = {Simmons, Michael and Singhal, Ayush and Lu, Zhiyong},
    editor = {Shen, Bairong and Tang, Haixu and Jiang, Xiaoqian},
    pages = {139--166},
    publisher = {Springer Singapore},
    url = {https://doi.org/10.1007/978-981-10-1503-8_7},
    address = {Singapore},
    isbn = {978-981-10-1503-8},
    doi = {10.1007/978-981-10-1503-8{\_}7}
}

@article{Fluck2014,
    title = {{Text mining for systems biology}},
    year = {2014},
    journal = {Drug Discovery Today},
    author = {Fluck, Juliane and Hofmann-Apitius, Martin},
    number = {2},
    month = {2},
    pages = {140--144},
    volume = {19},
    publisher = {Elsevier Current Trends},
    url = {http://www.sciencedirect.com/science/article/pii/S1359644613003188?via%3Dihub http://linkinghub.elsevier.com/retrieve/pii/S1359644613003188},
    doi = {10.1016/j.drudis.2013.09.012},
    issn = {13596446}
}

@article{Hirschman2012,
    title = {{Text mining for the biocuration workflow}},
    year = {2012},
    journal = {Database},
    author = {Hirschman, L. and Burns, G. A. P. C. and Krallinger, M. and Arighi, C. and Cohen, K. B. and Valencia, A. and Wu, C. H. and Chatr-Aryamontri, A. and Dowell, K. G. and Huala, E. and Lourenco, A. and Nash, R. and Veuthey, A.-L. and Wiegers, T. and Winter, A. G.},
    number = {0},
    month = {4},
    pages = {bas020-bas020},
    volume = {2012},
    url = {http://www.ncbi.nlm.nih.gov/pubmed/22513129 http://www.pubmedcentral.nih.gov/articlerender.fcgi?artid=PMC3328793 https://academic.oup.com/database/article-lookup/doi/10.1093/database/bas020},
    doi = {10.1093/database/bas020},
    issn = {1758-0463},
    pmid = {22513129}
}

@article{Singhal2016a,
    title = {{Text Mining Genotype-Phenotype Relationships from Biomedical Literature for Database Curation and Precision Medicine}},
    year = {2016},
    journal = {PLOS Computational Biology},
    author = {Singhal, Ayush and Simmons, Michael and Lu, Zhiyong},
    editor = {Rzhetsky, Andrey},
    number = {11},
    month = {11},
    pages = {e1005017},
    volume = {12},
    publisher = {Public Library of Science},
    url = {http://dx.plos.org/10.1371/journal.pcbi.1005017},
    doi = {10.1371/journal.pcbi.1005017},
    issn = {1553-7358}
}

@article{Singhal2016b,
    title = {{Text Mining Genotype-Phenotype Relationships from Biomedical Literature for Database Curation and Precision Medicine}},
    year = {2016},
    journal = {PLOS Computational Biology},
    author = {Singhal, Ayush and Simmons, Michael and Lu, Zhiyong},
    editor = {Rzhetsky, Andrey},
    number = {11},
    month = {11},
    pages = {e1005017},
    volume = {12},
    url = {http://www.ncbi.nlm.nih.gov/pubmed/27902695 http://www.pubmedcentral.nih.gov/articlerender.fcgi?artid=PMC5130168 http://dx.plos.org/10.1371/journal.pcbi.1005017},
    doi = {10.1371/journal.pcbi.1005017},
    issn = {1553-7358},
    pmid = {27902695}
}

@inproceedings{Nguyen2016,
    title = {{Text Mining in Clinical Domain: Dealing with Noise}},
    year = {2016},
    booktitle = {Proceedings of the 22nd ACM SIGKDD International Conference on Knowledge Discovery and Data Mining - KDD '16},
    author = {Nguyen, Hoang and Patrick, Jon},
    pages = {549--558},
    publisher = {ACM Press},
    url = {http://dl.acm.org/citation.cfm?doid=2939672.2939720 http://www.kdd.org/kdd2016/papers/files/adp0478-nguyenA.pdf},
    address = {New York, New York, USA},
    isbn = {9781450342322},
    doi = {10.1145/2939672.2939720},
    keywords = {Clinical, active learning, named-entity recognition, natural languages processing, text classification}
}

@article{Spasic2014,
    title = {{Text mining of cancer-related information: Review of current status and future directions}},
    year = {2014},
    journal = {International Journal of Medical Informatics},
    author = {Spasi{\'{c}}, Irena and Livsey, Jacqueline and Keane, John A. and Nenadi{\'{c}}, Goran},
    number = {9},
    month = {9},
    pages = {605--623},
    volume = {83},
    url = {http://linkinghub.elsevier.com/retrieve/pii/S1386505614001105},
    isbn = {1386-5056},
    doi = {10.1016/j.ijmedinf.2014.06.009},
    issn = {13865056},
    pmid = {25008281},
    keywords = {Cancer, Data mining, Electronic medical records, Natural language processing}
}

@inproceedings{BremerE.G.aNatarajan2004,
    title = {{Text mining of full text articles and creation of a knowledge base for analysis of microarray data}},
    year = {2004},
    booktitle = {Lecture Notes in Artificial Intelligence (Subseries of Lecture Notes in Computer Science)},
    author = {Bremer E.G.a Natarajan, J.b Zhang Y.a d DeSesa C.c Hack C.J.b Dubitzky W.b},
    pages = {84--95},
    volume = {3303},
    url = {http://www.scopus.com/inward/record.url?eid=2-s2.0-22944451154&partnerID=40&md5=e35272e4bbc8e704cf693560533ce188},
    issn = {03029743},
    keywords = {Data mining, Drug dosage; Genes; Knowledge acquisition; Learnin, Language processing; Microarrays; Molecular inter}
}

@article{Jonnalagadda2017,
    title = {{Text Mining of the Electronic Health Record: An Information Extraction Approach for Automated Identification and Subphenotyping of HFpEF Patients for Clinical Trials}},
    year = {2017},
    journal = {Journal of Cardiovascular Translational Research},
    author = {Jonnalagadda, Siddhartha R. and Adupa, Abhishek K. and Garg, Ravi P. and Corona-Cox, Jessica and Shah, Sanjiv J.},
    number = {3},
    month = {6},
    pages = {313--321},
    volume = {10},
    publisher = {Springer US},
    url = {http://link.springer.com/10.1007/s12265-017-9752-2},
    doi = {10.1007/s12265-017-9752-2},
    issn = {19375395},
    pmid = {28585184},
    keywords = {Clinical trials, Information extraction, Natural language processing, Precision medicine}
}

@misc{Przybyla2016,
    title = {{Text mining resources for the life sciences}},
    year = {2016},
    booktitle = {Database},
    author = {Przybyla, Piotr and Shardlow, Matthew and Aubin, Sophie and Bossy, Robert and De Castilho, Richard Eckart and Piperidis, Stelios and McNaught, John and Ananiadou, Sophia},
    number = {0},
    month = {1},
    pages = {1--30},
    volume = {2016},
    publisher = {Oxford University Press},
    url = {https://academic.oup.com/database/article-lookup/doi/10.1093/database/baw145},
    isbn = {2076792171},
    doi = {10.1093/database/baw145},
    issn = {17580463},
    pmid = {27888231},
    arxivId = {1611.06654}
}

@article{Rebholz-Schuhmann2012,
    title = {{Text-mining solutions for biomedical research: enabling integrative biology}},
    year = {2012},
    journal = {Nature Reviews Genetics},
    author = {Rebholz-Schuhmann, Dietrich and Oellrich, Anika and Hoehndorf, Robert},
    number = {12},
    month = {11},
    pages = {829--839},
    volume = {13},
    url = {http://www.nature.com/nrg/journal/v13/n12/pdf/nrg3337.pdf http://www.nature.com/doifinder/10.1038/nrg3337},
    doi = {10.1038/nrg3337},
    issn = {1471-0056}
}

@incollection{Forbes2008,
    title = {{The Catalogue of Somatic Mutations in Cancer (COSMIC)}},
    year = {2008},
    booktitle = {Current Protocols in Human Genetics},
    author = {Forbes, S.A. and Bhamra, G and Bamford, S and Dawson, E and Kok, C and Clements, J and Menzies, A and Teague, J.W. and Futreal, P.A. and Stratton, M.R.},
    month = {4},
    pages = {Unit 10.11},
    volume = {Chapter 10},
    publisher = {John Wiley {\&} Sons, Inc.},
    url = {http://www.ncbi.nlm.nih.gov/pubmed/18428421 http://www.pubmedcentral.nih.gov/articlerender.fcgi?artid=PMC2705836 http://doi.wiley.com/10.1002/0471142905.hg1011s57},
    address = {Hoboken, NJ, USA},
    doi = {10.1002/0471142905.hg1011s57},
    issn = {1934-8258},
    pmid = {18428421}
}

@article{Krallinger2015,
    title = {{The CHEMDNER corpus of chemicals and drugs and its annotation principles}},
    year = {2015},
    journal = {Journal of Cheminformatics},
    author = {Krallinger, Martin and Rabal, Obdulia and Leitner, Florian and Vazquez, Miguel and Salgado, David and Lu, Zhiyong and Leaman, Robert and Lu, Yanan and Ji, Donghong and Lowe, Daniel M and Sayle, Roger A and Batista-Navarro, Riza and Rak, Rafal and Huber, Torsten and Rockt{\"{a}}schel, Tim and Matos, Sérgio and Campos, David and Tang, Buzhou and Xu, Hua and Munkhdalai, Tsendsuren and Ryu, Keun and Ramanan, SV and Nathan, Senthil and {\v{Z}}itnik, Slavko and Bajec, Marko and Weber, Lutz and Irmer, Matthias and Akhondi, Saber A. and Kors, Jan A. and Xu, Shuo and An, Xin and Sikdar, Utpal and Ekbal, Asif and Yoshioka, Masaharu and Dieb, Thaer M. and Choi, Miji and Verspoor, Karin and Khabsa, Madian and Giles, C and Liu, Hongfang and Ravikumar, Komandur and Lamurias, Andre and Couto, Francisco M. and Dai, Hong-Jie and Tsai, Richard and Ata, Caglar and Can, Tolga and Usi{\'{e}}, Anabel and Alves, Rui and Segura-Bedmar, Isabel and Mart{\'{i}}nez, Paloma and Oyarzabal, Julen and Valencia, Alfonso},
    number = {Suppl 1},
    pages = {S2},
    volume = {7},
    url = {http://www.biocreative.org/resources/biocreative-iv/chemdner-corpus/ http://jcheminf.springeropen.com/articles/10.1186/1758-2946-7-S1-S2},
    doi = {10.1186/1758-2946-7-S1-S2},
    issn = {1758-2946},
    pmid = {25810773}
}

@article{Patterson2016,
    title = {{The clinical trial landscape in oncology and connectivity of somatic mutational profiles to targeted therapies}},
    year = {2016},
    journal = {Human Genomics},
    author = {Patterson, Sara E. and Liu, Rangjiao and Statz, Cara M. and Durkin, Daniel and Lakshminarayana, Anuradha and Mockus, Susan M.},
    number = {1},
    month = {12},
    pages = {4},
    volume = {10},
    publisher = {BioMed Central},
    url = {http://www.ncbi.nlm.nih.gov/pubmed/26772741 http://www.pubmedcentral.nih.gov/articlerender.fcgi?artid=PMC4715272 http://www.humgenomics.com/content/10/1/4},
    doi = {10.1186/s40246-016-0061-7},
    issn = {1479-7364},
    pmid = {26772741}
}

@article{Finan2017,
    title = {{The druggable genome and support for target identification and validation in drug development}},
    year = {2017},
    journal = {Science Translational Medicine},
    author = {Finan, Chris and Gaulton, Anna and Kruger, Felix A. and Lumbers, R. Thomas and Shah, Tina and Engmann, Jorgen and Galver, Luana and Kelley, Ryan and Karlsson, Anneli and Santos, Rita and Overington, John P. and Hingorani, Aroon D. and Casas, Juan P.},
    number = {383},
    month = {3},
    pages = {eaag1166},
    volume = {9},
    publisher = {American Association for the Advancement of Science},
    url = {http://www.ncbi.nlm.nih.gov/pubmed/28356508 http://stm.sciencemag.org/lookup/doi/10.1126/scitranslmed.aag1166},
    doi = {10.1126/scitranslmed.aag1166},
    issn = {1946-6234},
    pmid = {28356508}
}

@article{Hakenberg2011,
    title = {{The GNAT library for local and remote gene mention normalization}},
    year = {2011},
    journal = {Bioinformatics},
    author = {Hakenberg, Jörg and Gerner, Martin and Haeussler, Maximilian and Solt, Illés and Plake, Conrad and Schroeder, Michael and Gonzalez, Graciela and Nenadic, Goran and Bergman, Casey M},
    number = {19},
    month = {10},
    pages = {2769--2771},
    volume = {27},
    url = {https://oup.silverchair-cdn.com/oup/backfile/Content_public/Journal/bioinformatics/27/19/10.1093/bioinformatics/btr455/2/btr455.pdf?Expires=1497011521&Signature=L-6EB~9qfeEcv~4ngsgNU-s~GnoN90d5ilJ3tIVtZkfSFCy7dRQYfFTgAOLRR~Z3Y9~Z5ulPGID4tMsKuXu58P-7ie1zS7},
    doi = {10.1093/bioinformatics/btr455},
    issn = {1367-4803}
}

@article{Hakenberg2011a,
    title = {{The GNAT library for local and remote gene mention normalization}},
    year = {2011},
    journal = {Bioinformatics},
    author = {Hakenberg, Jörg and Gerner, Martin and Haeussler, Maximilian and Solt, Illés and Plake, Conrad and Schroeder, Michael and Gonzalez, Graciela and Nenadic, Goran and Bergman, Casey M},
    number = {19},
    month = {10},
    pages = {2769--2771},
    volume = {27},
    publisher = {Oxford University Press},
    url = {http://www.ncbi.nlm.nih.gov/pubmed/21813477 http://www.pubmedcentral.nih.gov/articlerender.fcgi?artid=PMC3179658 https://academic.oup.com/bioinformatics/article-lookup/doi/10.1093/bioinformatics/btr455},
    doi = {10.1093/bioinformatics/btr455},
    issn = {1367-4803},
    pmid = {21813477}
}

@article{Moore2016,
    title = {{The golden era of biomedical informatics has begun}},
    year = {2016},
    journal = {BioData Mining},
    author = {Moore, Jason H. and Holmes, John H.},
    number = {1},
    month = {12},
    pages = {15},
    volume = {9},
    publisher = {BioMed Central},
    url = {http://biodatamining.biomedcentral.com/articles/10.1186/s13040-016-0092-6},
    doi = {10.1186/s13040-016-0092-6},
    issn = {1756-0381},
    keywords = {Algorithms, Bioinformatics, Computational Biology/Bioinformatics, Computer Appl. in Life Sciences, Data Mining and Knowledge Discovery}
}

@article{Hanahan2000,
    title = {{The Hallmarks of Cancer}},
    year = {2000},
    journal = {Cell},
    author = {Hanahan, Douglas and Weinberg, Robert A},
    number = {1},
    month = {1},
    pages = {57--70},
    volume = {100},
    publisher = {Cell Press},
    url = {http://www.sciencedirect.com/science/article/pii/S0092867400816839 http://linkinghub.elsevier.com/retrieve/pii/S0092867400816839},
    doi = {10.1016/S0092-8674(00)81683-9},
    issn = {00928674}
}

@article{Stenson2014,
    title = {{The Human Gene Mutation Database: building a comprehensive mutation repository for clinical and molecular genetics, diagnostic testing and personalized genomic medicine}},
    year = {2014},
    journal = {Human Genetics},
    author = {Stenson, Peter D and Mort, Matthew and Ball, Edward V and Shaw, Katy and Phillips, Andrew D. and Cooper, David N},
    number = {1},
    month = {1},
    pages = {1--9},
    volume = {133},
    publisher = {Springer},
    url = {http://www.ncbi.nlm.nih.gov/pubmed/24077912 http://www.pubmedcentral.nih.gov/articlerender.fcgi?artid=PMC3898141 http://link.springer.com/10.1007/s00439-013-1358-4},
    doi = {10.1007/s00439-013-1358-4},
    issn = {0340-6717},
    pmid = {24077912}
}

@article{Rindflesch2003,
    title = {{The interaction of domain knowledge and linguistic structure in natural language processing: interpreting hypernymic propositions in biomedical text}},
    year = {2003},
    journal = {Journal of Biomedical Informatics},
    author = {Rindflesch, Thomas C and Fiszman, Marcelo},
    number = {6},
    month = {12},
    pages = {462--477},
    volume = {36},
    url = {http://www.ncbi.nlm.nih.gov/pubmed/14759819 http://linkinghub.elsevier.com/retrieve/pii/S1532046403001175},
    doi = {10.1016/j.jbi.2003.11.003},
    issn = {15320464},
    pmid = {14759819}
}

@incollection{Varadi2015,
    title = {{The Protein Ensemble Database}},
    year = {2015},
    booktitle = {Advances in experimental medicine and biology},
    author = {Varadi, Mihaly and Tompa, Peter},
    pages = {335--349},
    volume = {870},
    publisher = {Springer},
    url = {http://www.ncbi.nlm.nih.gov/pubmed/26387108 http://link.springer.com/10.1007/978-3-319-20164-1_11},
    doi = {10.1007/978-3-319-20164-1{\_}11},
    issn = {0065-2598},
    pmid = {26387108},
    keywords = {Calculation protocols, Database, Ensembles of structures, Experimental validation}
}

@article{Bairoch2000,
    title = {{The SWISS-PROT protein sequence database and its supplement TrEMBL in 2000}},
    year = {2000},
    journal = {Nucleic Acids Research},
    author = {Bairoch, A},
    number = {1},
    month = {1},
    pages = {45--48},
    volume = {28},
    publisher = {Oxford University Press},
    url = {http://www.ncbi.nlm.nih.gov/pubmed/10592178 http://www.pubmedcentral.nih.gov/articlerender.fcgi?artid=PMC102476 https://academic.oup.com/nar/article-lookup/doi/10.1093/nar/28.1.45},
    isbn = {0305-1048 (Print){\textbackslash}n0305-1048 (Linking)},
    doi = {10.1093/nar/28.1.45},
    issn = {13624962},
    pmid = {10592178}
}

@article{Bodenreider2004,
    title = {{The Unified Medical Language System (UMLS): integrating biomedical terminology}},
    year = {2004},
    journal = {Nucleic Acids Research},
    author = {Bodenreider, O.},
    number = {90001},
    month = {1},
    pages = {267D-270},
    volume = {32},
    url = {http://www.ncbi.nlm.nih.gov/pubmed/14681409 http://www.pubmedcentral.nih.gov/articlerender.fcgi?artid=PMC308795 https://academic.oup.com/nar/article-lookup/doi/10.1093/nar/gkh061},
    doi = {10.1093/nar/gkh061},
    issn = {1362-4962},
    pmid = {14681409}
}

@misc{Achakulvisut2016,
    title = {{titipacata/pubmed{\_}parser: Pubmed Parser}},
    year = {2016},
    author = {Achakulvisut, Titipat and Acuna, Daniel E. and Cybulski, Ted and Hassan, Tariq and Badger, The Gitter and {H-Plus-Time} and Brandfonbrener, David},
    month = {10},
    url = {https://zenodo.org/record/159504},
    doi = {10.5281/zenodo.159504}
}

@article{Leaman2015,
    title = {{tmChem: a high performance approach for chemical named entity recognition and normalization}},
    year = {2015},
    journal = {Journal of Cheminformatics},
    author = {Leaman, Robert and Wei, Chih-Hsuan and Lu, Zhiyong},
    number = {Suppl 1},
    pages = {S3},
    volume = {7},
    url = {http://jcheminf.springeropen.com/articles/10.1186/1758-2946-7-S1-S3},
    doi = {10.1186/1758-2946-7-S1-S3},
    issn = {1758-2946},
    pmid = {25810774}
}

@article{Wei2017a,
    title = {{tmVar 2.0: integrating genomic variant information from literature with dbSNP and ClinVar for precision medicine}},
    year = {2017},
    journal = {Bioinformatics},
    author = {Wei, Chih-Hsuan and Phan, Lon and Feltz, Juliana and Maiti, Rama and Hefferon, Tim and Lu, Zhiyong},
    month = {9},
    url = {http://academic.oup.com/bioinformatics/article/doi/10.1093/bioinformatics/btx541/4101939/tmVar-20-Integrating-genomic-variant-information http://academic.oup.com/bioinformatics/article/doi/10.1093/bioinformatics/btx541/4101939/tmVar-20-integrating-genomic},
    doi = {10.1093/bioinformatics/btx541},
    issn = {1367-4803}
}

@article{Wei2013,
    title = {{tmVar: a text mining approach for extracting sequence variants in biomedical literature}},
    year = {2013},
    journal = {Bioinformatics},
    author = {Wei, Chih-Hsuan and Harris, Bethany R and Kao, H.-Y. and Lu, Zhiyong},
    number = {11},
    month = {6},
    pages = {1433--1439},
    volume = {29},
    url = {http://www.ncbi.nlm.nih.gov/ https://academic.oup.com/bioinformatics/article-lookup/doi/10.1093/bioinformatics/btt156},
    doi = {10.1093/bioinformatics/btt156},
    issn = {1367-4803}
}

@article{Wei2013b,
    title = {{tmVar: a text mining approach for extracting sequence variants in biomedical literature}},
    year = {2013},
    journal = {Bioinformatics},
    author = {Wei, Chih-Hsuan and Harris, Bethany R and Kao, H.-Y. and Lu, Zhiyong},
    number = {11},
    month = {6},
    pages = {1433--1439},
    volume = {29},
    url = {http://www.ncbi.nlm.nih.gov/ https://academic.oup.com/bioinformatics/article-lookup/doi/10.1093/bioinformatics/btt156},
    doi = {10.1093/bioinformatics/btt156},
    issn = {1367-4803}
}

@inproceedings{polarity,
    title = {{Towards answering opinion questions: Separating facts from opinions and identifying the polarity of opinion sentences}},
    year = {2003},
    booktitle = {Proceedings of the 2003 conference on Empirical methods in natural language processing},
    author = {Yu, Hong and Hatzivassiloglou, Vasileios},
    pages = {129--136}
}

@article{Fiorini2017,
    title = {{Towards PubMed 2.0}},
    year = {2017},
    journal = {eLife},
    author = {Fiorini, Nicolas and Lipman, David J and Lu, Zhiyong},
    month = {10},
    volume = {6},
    publisher = {eLife Sciences Publications, Ltd},
    url = {http://www.ncbi.nlm.nih.gov/pubmed/29083299 http://www.pubmedcentral.nih.gov/articlerender.fcgi?artid=PMC5662282 https://elifesciences.org/articles/28801},
    isbn = {2050084X (Electronic)},
    doi = {10.7554/eLife.28801},
    issn = {2050084X},
    pmid = {29083299},
    keywords = {PubMed, biomedical literature search, biomedical text mining, scientific publishing}
}

@article{Pushp2017,
    title = {{Train Once, Test Anywhere: Zero-Shot Learning for Text Classification}},
    year = {2017},
    author = {Pushp, Pushpankar Kumar and Srivastava, Muktabh Mayank},
    url = {https://arxiv.org/pdf/1712.05972.pdf http://arxiv.org/abs/1712.05972},
    arxivId = {1712.05972}
}

@inproceedings{Fu2014c,
    title = {{Transductive Multi-class and Multi-label Zero-shot Learning}},
    year = {2014},
    booktitle = {European Conference on Computer Vision},
    author = {Fu, Yanwei and Yang, Yongxin and Hospedales, Timothy M and Xiang, Tao and Gong, Shaogang},
    arxivId = {arXiv:1503.07884v1}
}

@inproceedings{Fu2014a,
    title = {{Transductive Multi-label Zero-shot Learning}},
    year = {2014},
    booktitle = {BRITISH MACHINE VISION CONFERENCE},
    author = {Fu, Yanwei and Yang, Yongxin and Hospedales, Tim and Xiang, Tao and Gong, Shaogang},
    url = {http://arxiv.org/abs/1503.07790},
    arxivId = {1503.07790}
}

@inproceedings{Fu2014b,
    title = {{Transductive Multi-label Zero-shot Learning}},
    year = {2014},
    booktitle = {BRITISH MACHINE VISION CONFERENCE},
    author = {Fu, Yanwei and Yang, Yongxin and Hospedales, Timothy M. and Xiang, Tao and Gong, Shaogang},
    url = {http://arxiv.org/abs/1503.07884},
    arxivId = {1503.07884}
}

@inproceedings{Fu2014,
    title = {{Transductive multi-view embedding for zero-shot recognition and annotation}},
    year = {2014},
    booktitle = {Lecture Notes in Computer Science (including subseries Lecture Notes in Artificial Intelligence and Lecture Notes in Bioinformatics)},
    author = {Fu, Yanwei and Hospedales, Timothy M and Xiang, Tao and Fu, Zhenyong and Gong, Shaogang},
    number = {PART 2},
    pages = {584--599},
    volume = {8690 LNCS},
    isbn = {9783319106045},
    doi = {10.1007/978-3-319-10605-2{\_}38},
    issn = {16113349}
}

@article{Do2006,
    title = {{Transfer learning for text classification}},
    year = {2006},
    journal = {Advances in Neural Information Processing Systems},
    author = {Do, Chuong B and Ng, Andrew Y},
    number = {3},
    pages = {299--306},
    volume = {18},
    url = {http://ai.stanford.edu/~ang/papers/nips05-transfer.pdf},
    isbn = {9780262232531},
    doi = {10.1.1.78.1117},
    issn = {10495258}
}

@article{go-distant,
    title = {{Twitter sentiment classification using distant supervision}},
    year = {2009},
    journal = {CS224N Project Report, Stanford},
    author = {Go, Alec and Bhayani, Richa and Huang, Lei},
    number = {12},
    volume = {1}
}

@article{twitter,
    title = {{Twitter sentiment classification using distant supervision}},
    year = {2009},
    journal = {CS224N Project Report, Stanford},
    author = {Go, Alec and Bhayani, Richa and Huang, Lei},
    number = {2009},
    pages = {12},
    volume = {1}
}

@misc{unidecode,
    title = {{Unidecode Python Module}},
    year = {2017},
    author = {(Port), Tomaz Solc and Burke, Sean M (original Perl module)},
    howpublished = {{\textbackslash}url{\{}http://predict.informatik.hu-berlin.de{\}}}
}

@article{UniProtConsortium2015,
    title = {{UniProt: a hub for protein information}},
    year = {2015},
    journal = {Nucleic Acids Research},
    author = {{UniProt Consortium}},
    number = {D1},
    month = {1},
    pages = {D204-D212},
    volume = {43},
    url = {http://www.ncbi.nlm.nih.gov/pubmed/25348405 http://www.pubmedcentral.nih.gov/articlerender.fcgi?artid=PMC4384041 https://academic.oup.com/nar/article-lookup/doi/10.1093/nar/gku989},
    doi = {10.1093/nar/gku989},
    issn = {0305-1048},
    pmid = {25348405}
}

@inproceedings{Kodirov2016a,
    title = {{Unsupervised domain adaptation for zero-shot learning}},
    year = {2016},
    booktitle = {Proceedings of the IEEE International Conference on Computer Vision},
    author = {Kodirov, Elyor and Xiang, Tao and Fu, Zhenyong and Gong, Shaogang},
    month = {2},
    pages = {2452--2460},
    volume = {11-18-Dece},
    publisher = {Institute of Electrical and Electronics Engineers Inc.}
}

@article{ruch,
    title = {{Using argumentation to extract key sentences from biomedical abstracts}},
    year = {2007},
    journal = {I. J. Medical Informatics},
    author = {Ruch, Patrick and Boyer, Célia and Chichester, Christine and Tbahriti, Imad and Geissb{\"{u}}hler, Antoine and Fabry, Paul and Gobeill, Julien and Pillet, Violaine and Rebholz-Schuhmann, Dietrich and Lovis, Christian and Veuthey, Anne-Lise},
    number = {2-3},
    pages = {195--200},
    volume = {76},
    url = {https://doi.org/10.1016/j.ijmedinf.2006.05.002},
    doi = {10.1016/j.ijmedinf.2006.05.002}
}

@inproceedings{Bjorne2013,
    title = {{UTurku : Drug Named Entity Recognition and Drug-Drug Interaction Extraction Using SVM Classification and Domain Knowledge}},
    year = {2013},
    booktitle = {Second Joint Conference on Lexical and Computational Semantics (*SEM), Volume 2: Proceedings of the Seventh International Workshop on Semantic Evaluation (SemEval 2013)},
    author = {Bj{\"{o}}rne, Jari and Kaewphan, Suwisa and Salakoski, Tapio},
    number = {SemEval},
    pages = {651--659},
    volume = {2},
    url = {http://www.aclweb.org/anthology/S13-2108}
}

@inproceedings{1,
    title = {{Weakly Labeled Corpora as Silver Standard for Drug-Drug and Protein-Protein Interaction}},
    year = {2012},
    booktitle = {Proceedings of the Workshop on Building and Evaluating Resources for Biomedical Text Mining (BioTxtM) on Language Resources and Evaluation Conference (LREC)},
    author = {Thomas, Philippe and Bobi{\'{c}}, Tamara and Leser, Ulf and Hofmann-Apitius, Martin and Klinger, Roman}
}

@article{Leser2005,
    title = {{What makes a gene name? Named entity recognition in the biomedical literature}},
    year = {2005},
    journal = {Briefings in Bioinformatics},
    author = {Leser, Ulf and Hakenberg, J??rg},
    number = {4},
    month = {1},
    pages = {357--369},
    volume = {6},
    url = {http://www.ncbi.nlm.nih.gov/pubmed/16420734 https://academic.oup.com/bib/article-lookup/doi/10.1093/bib/6.4.357},
    isbn = {1467-5463},
    doi = {10.1093/bib/6.4.357},
    issn = {1467-5463},
    pmid = {16420734},
    keywords = {Information extraction, Knowledge management, Machine learning, Named entity recognition, Text mining}
}

@misc{WHO-WorldHealthOrganization2017,
    title = {{WHO | Top 10 causes of death}},
    year = {2017},
    author = {{WHO - World Health Organization}},
    publisher = {World Health Organization},
    url = {http://www.who.int/gho/mortality_burden_disease/causes_death/top_10/en/}
}

@article{ngrams,
    title = {{Words versus Character n-Grams for Anti-Spam Filtering}},
    year = {2007},
    journal = {International Journal on Artificial Intelligence Tools},
    author = {Kanaris, Ioannis and Kanaris, Konstantinos and Houvardas, Ioannis and Stamatatos, Efstathios},
    number = {6},
    pages = {1047--1067},
    volume = {16},
    url = {https://doi.org/10.1142/S0218213007003692},
    doi = {10.1142/S0218213007003692}
}

@inproceedings{Elhoseiny2013,
    title = {{Write a Classifier: Zero-Shot Learning Using Purely Textual Descriptions}},
    year = {2013},
    booktitle = {2013 IEEE International Conference on Computer Vision},
    author = {Elhoseiny, Mohamed and Saleh, Babak and Elgammal, Ahmed},
    month = {12},
    pages = {2584--2591},
    publisher = {IEEE},
    url = {http://ieeexplore.ieee.org/document/6751432/},
    isbn = {978-1-4799-2840-8},
    doi = {10.1109/ICCV.2013.321}
}

@inproceedings{Jayaraman2014,
    title = {{Zero shot recognition with unreliable attributes}},
    year = {2014},
    booktitle = {Advances in Neural Information Processing Systems},
    author = {Jayaraman, Dinesh and Grauman, Kristen},
    number = {5},
    month = {9},
    pages = {3464--3472},
    url = {http://arxiv.org/abs/1409.4327},
    issn = {10495258},
    arxivId = {1409.4327}
}

@article{Larochelle2008,
    title = {{Zero-data learning of new tasks}},
    year = {2008},
    journal = {Proceedings of the 23rd National Conference on Artificial Intelligence ({\{}AAAI-08{\}})},
    author = {Larochelle, Hugo and Erhan, Dumitru and Bengio, Yoshua},
    number = {Miller 2002},
    pages = {646--651},
    isbn = {978-1-57735-368-3},
    keywords = {multitask, zero shot}
}

@article{Blitzer2009a,
    title = {{Zero-Shot Domain Adaptation: A Multi-View Approach}},
    year = {2009},
    journal = {Technical Report},
    author = {Blitzer, John and Foster, D P and Kakade, S M},
    url = {http://ttic.uchicago.edu/~sham/papers/ml/transferTechRep.pdf}
}

@article{Xian2017a,
    title = {{Zero-Shot Learning - A Comprehensive Evaluation of the Good, the Bad and the Ugly}},
    year = {2017},
    author = {Xian, Yongqin and Lampert, Christoph H and Schiele, Bernt and Akata, Zeynep},
    url = {https://arxiv.org/pdf/1707.00600.pdf http://arxiv.org/abs/1707.00600},
    arxivId = {1707.00600},
    keywords = {Generalized Zero-Shot Learning, Image classification, Index Terms—Zero-shot learning, Weakly-Supervised Learning}
}

@article{Socher2013,
    title = {{Zero-Shot Learning Through Cross-Modal Transfer}},
    year = {2013},
    journal = {Nips},
    author = {Socher, Richard and Ganjoo, Milind and Sridhar, Hamsa and Bastani, Osbert and Manning, Christopher D and Ng, Andrew Y.},
    month = {1},
    pages = {935--943},
    url = {http://papers.nips.cc/paper/5027-zero-shot-learning-through-cross-modal-transfer.pdf http://arxiv.org/abs/1301.3666},
    issn = {10495258},
    arxivId = {1301.3666}
}

@article{Long2017,
    title = {{Zero-shot learning via discriminative representation extraction}},
    year = {2017},
    journal = {Pattern Recognition Letters},
    author = {Long, Teng and Xu, Xing and Shen, Fumin and Liu, Li and Xie, Ning and Yang, Yang},
    number = {0},
    month = {9},
    pages = {0--1},
    volume = {4},
    url = {https://ac.els-cdn.com/S0167865517303501/1-s2.0-S0167865517303501-main.pdf?_tid=9d900c58-e648-11e7-8a4d-00000aab0f02&acdnat=1513858701_05b218b87e39472fd19eb1e29de380c0 http://linkinghub.elsevier.com/retrieve/pii/S0167865517303501},
    doi = {10.1016/j.patrec.2017.09.030},
    issn = {01678655},
    keywords = {Aggregation, Large margin, Representation learning, Zero shot learning}
}

@inproceedings{Zhang2015,
    title = {{Zero-Shot Learning via Semantic Similarity Embedding}},
    year = {2015},
    booktitle = {2015 IEEE International Conference on Computer Vision (ICCV)},
    author = {Zhang, Ziming and Saligrama, Venkatesh},
    month = {12},
    pages = {4166--4174},
    volume = {11-18-Dece},
    publisher = {IEEE},
    url = {http://cyber.sci-hub.bz/MTAuMTEwOS9pY2N2LjIwMTUuNDc0/10.1109%40iccv.2015.474.pdf http://ieeexplore.ieee.org/document/7410831/},
    isbn = {978-1-4673-8391-2},
    doi = {10.1109/ICCV.2015.474},
    issn = {15505499},
    arxivId = {1509.04767}
}

@article{Yu2017,
    title = {{Zero-shot learning with regularized cross-modality ranking}},
    year = {2017},
    journal = {Neurocomputing},
    author = {Yu, Yunlong and Ji, Zhong and Guo, Jichang and Pang, Yanwei},
    month = {10},
    pages = {14--20},
    volume = {259},
    publisher = {Elsevier},
    url = {http://www.sciencedirect.com/science/article/pii/S0925231217302527?_rdoc=1&_fmt=high&_origin=gateway&_docanchor=&md5=b8429449ccfc9c30159a5f9aeaa92ffb&dgcid=raven_sd_recommender_email http://linkinghub.elsevier.com/retrieve/pii/S0925231217302527},
    doi = {10.1016/j.neucom.2016.06.085},
    issn = {09252312}
}

@article{Palatucci2009,
    title = {{Zero-Shot Learning with Semantic Output Codes}},
    year = {2009},
    journal = {Neural Information Processing Systems},
    author = {Palatucci, Mark and Hinton, Geoffrey E and Pomerleau, Dean and Mitchell, Tom M},
    pages = {1--9},
    isbn = {9781615679119},
    issn = {<null>},
    keywords = {Machine learning, zero-shot learning}
}

@article{Guo2017,
    title = {{Zero-Shot Learning With Transferred Samples}},
    year = {2017},
    journal = {IEEE Transactions on Image Processing},
    author = {Guo, Yuchen and Ding, Guiguang and Han, Jungong and Gao, Yue},
    number = {7},
    month = {7},
    pages = {3277--3290},
    volume = {26},
    url = {http://ieeexplore.ieee.org/document/7907197/ http://www.ieee.org/publications_standards/publications/rights/index.html},
    doi = {10.1109/TIP.2017.2696747},
    issn = {1057-7149}
}

@inproceedings{Xian2017,
    title = {{Zero-Shot Learning — The Good, the Bad and the Ugly}},
    year = {2017},
    booktitle = {2017 IEEE Conference on Computer Vision and Pattern Recognition (CVPR)},
    author = {Xian, Yongqin and Schiele, Bernt and Akata, Zeynep},
    month = {7},
    pages = {3077--3086},
    publisher = {IEEE},
    url = {https://arxiv.org/pdf/1703.04394.pdf http://arxiv.org/abs/1703.04394 http://ieeexplore.ieee.org/document/8099811/},
    isbn = {978-1-5386-0457-1},
    doi = {10.1109/CVPR.2017.328},
    arxivId = {1703.04394}
}

@inproceedings{Levy2017,
    title = {{Zero-Shot Relation Extraction via Reading Comprehension}},
    year = {2017},
    booktitle = {Proceedings of the 21st Conference on Computational Natural Language Learning (CoNLL 2017)},
    author = {Levy, Omer and Seo, Minjoon and Choi, Eunsol and Zettlemoyer, Luke},
    month = {6},
    pages = {333--342},
    publisher = {Association for Computational Linguistics},
    url = {https://levyomer.files.wordpress.com/2017/06/zero-shot-relation-extraction-via-reading-comprehension-conll-2017.pdf http://arxiv.org/abs/1706.04115 http://aclweb.org/anthology/K17-1034},
    address = {Stroudsburg, PA, USA},
    doi = {10.18653/v1/K17-1034},
    arxivId = {1706.04115}
}

@article{Huang2017,
    title = {{Zero-Shot Transfer Learning for Event Extraction}},
    year = {2017},
    author = {Huang, Lifu and Ji, Heng and Cho, Kyunghyun and Voss, Clare R},
    month = {7},
    url = {https://arxiv.org/pdf/1707.01066.pdf http://arxiv.org/abs/1707.01066},
    arxivId = {1707.01066}
}

@inproceedings{cnn,
    title = {{{\{}MGNC-CNN:{\}} {\{}A{\}} Simple Approach to Exploiting Multiple Word Embeddings for Sentence Classification}},
    year = {2016},
    booktitle = {{\{}NAACL{\}} {\{}HLT{\}} 2016, San Diego California, USA},
    author = {Zhang, Ye and Roller, Stephen and Wallace, Byron C},
    editor = {Knight, Kevin and Nenkova, Ani and Rambow, Owen},
    pages = {1522--1527},
    publisher = {The Association for Computational Linguistics},
    url = {http://aclweb.org/anthology/N/N16/N16-1178.pdf}
}

@article{Wu2017a,
    title = {{–Omic and Electronic Health Record Big Data Analytics for Precision Medicine}},
    year = {2017},
    journal = {IEEE Transactions on Biomedical Engineering},
    author = {Wu, Po-Yen and Cheng, Chih-Wen and Kaddi, Chanchala D. and Venugopalan, Janani and Hoffman, Ryan and Wang, May D.},
    number = {2},
    month = {2},
    pages = {263--273},
    volume = {64},
    url = {http://ieeexplore.ieee.org/document/7587347/},
    doi = {10.1109/TBME.2016.2573285},
    issn = {0018-9294}
}

@article{Yazdani2015AUnderstanding,
    title = {{A Model of Zero-Shot Learning of Spoken Language Understanding}},
    year = {2015},
    journal = {Proceedings of the 2015 Conference on Empirical Methods in Natural Language Processing},
    author = {Yazdani, Majid and Henderson, James},
    number = {September},
    isbn = {9781941643327}
}

@article{Kors2015AGSC.,
    title = {{A multilingual gold-standard corpus for biomedical concept recognition: the Mantra GSC.}},
    year = {2015},
    journal = {Journal of the American Medical Informatics Association : JAMIA},
    author = {Kors, Jan A and Clematide, Simon and Akhondi, Saber A and van Mulligen, Erik M and Rebholz-Schuhmann, Dietrich},
    number = {5},
    month = {9},
    pages = {948--56},
    volume = {22},
    publisher = {American Medical Informatics Association},
    url = {http://www.ncbi.nlm.nih.gov/pubmed/25948699 http://www.pubmedcentral.nih.gov/articlerender.fcgi?artid=PMC4986661},
    doi = {10.1093/jamia/ocv037},
    issn = {1527-974X},
    pmid = {25948699},
    keywords = {concept identification, gold-standard corpus, inter-annotator agreement, multilinguality, semantic enrichment}
}

@article{Li2017AText,
    title = {{A neural joint model for entity and relation extraction from biomedical text}},
    year = {2017},
    journal = {BMC Bioinformatics},
    author = {Li, Fei and Zhang, Meishan and Fu, Guohong and Ji, Donghong},
    volume = {18},
    url = {https://www.ncbi.nlm.nih.gov/pmc/articles/PMC5374588/pdf/12859_2017_Article_1609.pdf},
    doi = {10.1186/s12859-017-1609-9},
    keywords = {Biomedical text, Entity recognition, Joint model Background, Neural network, Relation extraction}
}

@article{Collins2015AMedicine,
    title = {{A New Initiative on Precision Medicine}},
    year = {2015},
    journal = {New England Journal of Medicine},
    author = {Collins, Francis S. and Varmus, Harold},
    number = {9},
    month = {2},
    pages = {793--795},
    volume = {372},
    url = {http://www.nejm.org/doi/10.1056/NEJMp1500523},
    doi = {10.1056/NEJMp1500523},
    issn = {0028-4793}
}

@article{Bui2014AText,
    title = {{A novel feature-based approach to extract drug-drug interactions from biomedical text}},
    year = {2014},
    journal = {Bioinformatics},
    author = {Bui, Quoc Chinh and Sloot, Peter M A and Van Mulligen, Erik M. and Kors, Jan A.},
    number = {23},
    volume = {30},
    isbn = {13674811 (Electronic)},
    doi = {10.1093/bioinformatics/btu557},
    issn = {14602059},
    pmid = {25143286}
}

@article{Schatten2016AEverything,
    title = {{A roadmap for scalable agent organizations in the Internet of Everything}},
    year = {2016},
    journal = {Journal of Systems and Software},
    author = {Schatten, M. and ?eva, J. and Tomi?i?, I.},
    volume = {115},
    doi = {10.1016/j.jss.2016.01.022},
    issn = {01641212},
    keywords = {[Internet of Things, Large-scale multiagent system}
}

@article{Czarnecki2012AArticles,
    title = {{A text-mining system for extracting metabolic reactions from full-text articles}},
    year = {2012},
    journal = {BMC Bioinformatics},
    author = {Czarnecki, Jan and Nobeli, Irene and Smith, Adrian M. and Shepherd, Adrian J.},
    pages = {172},
    volume = {13},
    url = {http://search.proquest.com/docview/1112397773/abstract/9B57F3F268AF4983PQ/35?accountid=17242\nhttp://media.proquest.com/media/pq/classic/doc/2790619031/fmt/pi/rep/NONE?hl=&cit%3Aauth=Czarnecki%2C+Jan%3BNobeli%2C+Irene%3BSmith%2C+Adrian+M%3BShepherd%2C+Adri}
}

@article{Chao2016AnWild,
    title = {{An Empirical Study and Analysis of Generalized Zero-Shot Learning for Object Recognition in the Wild}},
    year = {2016},
    journal = {European Conference on Computer Vision},
    author = {Chao, Wei-Lun and Changpinyo, Soravit and Gong, Boqing and Sha, Fei},
    isbn = {978-3-319-46447-3},
    doi = {10.1007/978-3-319-46448-0},
    issn = {0302-9743},
    arxivId = {1605.04253}
}

@inproceedings{Koruga2011ApplicationEstimation,
    title = {{Application of modified anthropometric model in facial age estimation}},
    year = {2011},
    booktitle = {Proceedings Elmar - International Symposium Electronics in Marine},
    author = {Koruga, P. and Ba?a, M. and ?eva, J.},
    isbn = {9789537044121},
    issn = {13342630},
    keywords = {[Age estimation, Anthropometric model, Biometrics,}
}

@misc{Mamoshina2016ApplicationsBiomedicine,
    title = {{Applications of Deep Learning in Biomedicine}},
    year = {2016},
    booktitle = {Molecular Pharmaceutics},
    author = {Mamoshina, Polina and Vieira, Armando and Putin, Evgeny and Zhavoronkov, Alex},
    number = {5},
    volume = {13},
    isbn = {1543-8392 (Electronic)1543-8384 (Linking)},
    doi = {10.1021/acs.molpharmaceut.5b00982},
    issn = {15438392},
    pmid = {27007977}
}

@article{Perez2016AttributeDetection,
    title = {{Attribute Learning for Network Intrusion Detection}},
    year = {2016},
    author = {P{\'{e}}rez, Jorge Luis Rivero and Ribeiro, Bernardete},
    month = {7},
    pages = {1--10},
    url = {http://arxiv.org/abs/1607.08634},
    arxivId = {1607.08634},
    keywords = {attribute learning, network intrusion detection, zero-shot}
}

@article{Liu2014AttributeClassification,
    title = {{Attribute relation learning for zero-shot classification}},
    year = {2014},
    journal = {Neurocomputing},
    author = {Liu, Mingxia and Zhang, Daoqiang and Chen, Songcan},
    volume = {139},
    isbn = {0925-2312},
    doi = {10.1016/j.neucom.2013.09.056},
    issn = {18728286}
}

@article{Lampert2014Attribute-basedCategorizationa,
    title = {{Attribute-based classification for zero-shot visual object categorizationa}},
    year = {2014},
    journal = {IEEE Transactions on Pattern Analysis and Machine Intelligence},
    author = {Lampert, Christoph H. and Nickisch, Hannes and Harmeling, Stefan},
    number = {3},
    volume = {36},
    isbn = {0162-8828 VO - 36},
    doi = {10.1109/TPAMI.2013.140},
    issn = {01628828},
    pmid = {24457503}
}

@article{LeamanBANNER:RECOGNITION,
    title = {{BANNER: AN EXECUTABLE SURVEY OF ADVANCES IN BIOMEDICAL NAMED ENTITY RECOGNITION}},
    author = {Leaman, Robert and Gonzalez, Graciela},
    url = {http://psb.stanford.edu/psb-online/proceedings/psb08/leaman.pdf}
}

@article{Ravikumar2017BELMiner:Sentences,
    title = {{BELMiner: Adapting a rule-based relation extraction system to extract biological expression language statements from bio-medical literature evidence sentences}},
    year = {2017},
    journal = {Database},
    author = {Ravikumar, K. E. and Rastegar-Mojarad, Majid and Liu, Hongfang},
    number = {1},
    volume = {2017},
    isbn = {17580463 (Linking)},
    doi = {10.1093/database/baw156},
    issn = {17580463},
    pmid = {28365720},
    arxivId = {1611.06654}
}

@article{Jagannatha2016BidirectionalRecords,
    title = {{Bidirectional Recurrent Neural Networks for Medical Event Detection in Electronic Health Records}},
    year = {2016},
    journal = {arXiv},
    author = {Jagannatha, Abhyuday and Yu, Hong},
    pages = {473--482},
    url = {https://arxiv.org/pdf/1606.07953.pdf http://arxiv.org/abs/1606.07953},
    isbn = {9781941643914},
    pmid = {27885364},
    arxivId = {1606.07953}
}

@article{Jagannatha2016BidirectionalRecords.,
    title = {{Bidirectional RNN for Medical Event Detection in Electronic Health Records.}},
    year = {2016},
    journal = {Proceedings of the conference. Association for Computational Linguistics. North American Chapter. Meeting},
    author = {Jagannatha, Abhyuday N and Yu, Hong},
    month = {6},
    pages = {473--482},
    volume = {2016},
    publisher = {NIH Public Access},
    url = {http://www.ncbi.nlm.nih.gov/pubmed/27885364 http://www.pubmedcentral.nih.gov/articlerender.fcgi?artid=PMC5119627},
    pmid = {27885364}
}

@article{He2017BigMedicine.,
    title = {{Big Data Analytics for Genomic Medicine.}},
    year = {2017},
    journal = {International journal of molecular sciences},
    author = {He, Karen Y and Ge, Dongliang and He, Max M},
    number = {2},
    month = {2},
    volume = {18},
    publisher = {Multidisciplinary Digital Publishing Institute  (MDPI)},
    url = {http://www.ncbi.nlm.nih.gov/pubmed/28212287 http://www.pubmedcentral.nih.gov/articlerender.fcgi?artid=PMC5343946},
    doi = {10.3390/ijms18020412},
    issn = {1422-0067},
    pmid = {28212287},
    keywords = {Big Data analytics, clinically actionable genetic variants, electronic health records, healthcare, next-generation sequencing}
}

@article{Li2016BioCreativeExtraction,
    title = {{BioCreative V CDR task corpus: a resource for chemical disease relation extraction}},
    year = {2016},
    journal = {Database : the journal of biological databases and curation},
    author = {Li, Jiao and Sun, Yueping and Johnson, Robin J. and Sciaky, Daniela and Wei, Chih Hsuan and Leaman, Robert and Davis, Allan Peter and Mattingly, Carolyn J. and Wiegers, Thomas C. and Lu, Zhiyong},
    volume = {2016},
    doi = {10.1093/database/baw068},
    issn = {17580463},
    pmid = {27161011}
}

@misc{BioinformaticsMining,
    title = {{Bioinformatics Tools for Research and Discovery at Yale University: Text Mining}},
    url = {http://guides.library.yale.edu/bioinformatics}
}

@article{ZhipingWang2012BIOMEDICALPARAMETER,
    title = {{BIOMEDICAL LITERATURE MINING FOR PHARMACOKINETICS NUMERICAL PARAMETER}},
    year = {2012},
    author = {Zhiping Wang, Collection}
}

@article{Korkontzelos2015BoostingClassifier,
    title = {{Boosting drug named entity recognition using an aggregate classifier}},
    year = {2015},
    journal = {Artificial Intelligence in Medicine},
    author = {Korkontzelos, Ioannis and Piliouras, Dimitrios and Dowsey, Andrew W. and Ananiadou, Sophia},
    number = {2},
    month = {10},
    pages = {145--153},
    volume = {65},
    url = {http://linkinghub.elsevier.com/retrieve/pii/S0933365715000780},
    doi = {10.1016/j.artmed.2015.05.007},
    issn = {09333657}
}

@article{Kim2017BridgingDocuments,
    title = {{Bridging the gap: incorporating a semantic similarity measure for effectively mapping PubMed queries to documents}},
    year = {2017},
    journal = {Journal of Biomedical Informatics},
    author = {Kim, Sun and Fiorini, Nicolas and John Wilbur, W. and Lu, Zhiyong},
    month = {10},
    url = {http://linkinghub.elsevier.com/retrieve/pii/S1532046417302186},
    doi = {10.1016/j.jbi.2017.09.014},
    issn = {15320464}
}

@article{BakerCancerNetworks,
    title = {{Cancer Hallmark Text Classification Using Convolutional Neural Networks}},
    author = {Baker, Simon and Korhonen, Anna and Pyysalo, Sampo},
    url = {http://www.nactem.ac.uk/biotxtm2016/papers/Baker.pdf}
}

@inproceedings{Li2016CommonsenseCompletion,
    title = {{Commonsense Knowledge Base Completion}},
    year = {2016},
    booktitle = {ACL},
    author = {Li, Xiang and Taheri, Aynaz and Tu, Lifu and Gimpel, Kevin},
    pages = {1445--1455}
}

@article{Lee2009ConvolutionalRepresentations,
    title = {{Convolutional deep belief networks for scalable unsupervised learning of hierarchical representations}},
    year = {2009},
    journal = {Proceedings of the 26th Annual International Conference on Machine Learning ICML 09},
    author = {Lee, Honglak and Grosse, Roger and Ranganath, Rajesh and Ng, Andrew Y},
    volume = {2008},
    isbn = {9781605585161},
    doi = {10.1145/1553374.1553453},
    issn = {02643294},
    pmid = {20957573},
    arxivId = {arXiv:1301.3605v3}
}

@article{Forbes2015COSMIC:Cancer,
    title = {{COSMIC: exploring the world's knowledge of somatic mutations in human cancer}},
    year = {2015},
    journal = {Nucleic Acids Research},
    author = {Forbes, Simon A. and Beare, David and Gunasekaran, Prasad and Leung, Kenric and Bindal, Nidhi and Boutselakis, Harry and Ding, Minjie and Bamford, Sally and Cole, Charlotte and Ward, Sari and Kok, Chai Yin and Jia, Mingming and De, Tisham and Teague, Jon W. and Stratton, Michael R. and McDermott, Ultan and Campbell, Peter J.},
    number = {D1},
    month = {1},
    pages = {D805-D811},
    volume = {43},
    url = {http://www.ncbi.nlm.nih.gov/pubmed/25355519 http://www.pubmedcentral.nih.gov/articlerender.fcgi?artid=PMC4383913 http://academic.oup.com/nar/article/43/D1/D805/2437384/COSMIC-exploring-the-worlds-knowledge-of-somatic},
    doi = {10.1093/nar/gku1075},
    issn = {1362-4962},
    pmid = {25355519}
}

@article{Forbes2015COSMIC:Cancer.,
    title = {{COSMIC: exploring the world's knowledge of somatic mutations in human cancer.}},
    year = {2015},
    journal = {Nucleic acids research},
    author = {Forbes, Simon A and Beare, David and Gunasekaran, Prasad and Leung, Kenric and Bindal, Nidhi and Boutselakis, Harry and Ding, Minjie and Bamford, Sally and Cole, Charlotte and Ward, Sari and Kok, Chai Yin and Jia, Mingming and De, Tisham and Teague, Jon W and Stratton, Michael R and McDermott, Ultan and Campbell, Peter J},
    number = {Database issue},
    month = {1},
    pages = {805--11},
    volume = {43},
    publisher = {Oxford University Press},
    url = {http://www.ncbi.nlm.nih.gov/pubmed/25355519 http://www.pubmedcentral.nih.gov/articlerender.fcgi?artid=PMC4383913},
    doi = {10.1093/nar/gku1075},
    issn = {1362-4962},
    pmid = {25355519}
}

@article{Wei2011Cross-speciesInference,
    title = {{Cross-species gene normalization by species inference}},
    year = {2011},
    journal = {BMC Bioinformatics},
    author = {Wei, Chih-Hsuan and Kao, Hung-Yu},
    number = {Suppl 8},
    month = {10},
    pages = {S5},
    volume = {12},
    publisher = {BioMed Central},
    url = {http://www.ncbi.nlm.nih.gov/pubmed/22151999 http://www.pubmedcentral.nih.gov/articlerender.fcgi?artid=PMC3269940 http://bmcbioinformatics.biomedcentral.com/articles/10.1186/1471-2105-12-S8-S5},
    doi = {10.1186/1471-2105-12-S8-S5},
    issn = {1471-2105},
    pmid = {22151999}
}

@inproceedings{Hassan2017DeepClassification,
    title = {{Deep learning for sentence classification}},
    year = {2017},
    booktitle = {2017 IEEE Long Island Systems, Applications and Technology Conference (LISAT)},
    author = {Hassan, Abdalraouf and Mahmood, Ausif},
    month = {5},
    pages = {1--5},
    publisher = {IEEE},
    url = {http://ieeexplore.ieee.org/document/8001979/},
    isbn = {978-1-5386-3887-3},
    doi = {10.1109/LISAT.2017.8001979}
}

@article{Guo2016DeepReview,
    title = {{Deep learning for visual understanding: A review}},
    year = {2016},
    journal = {Neurocomputing},
    author = {Guo, Yanming and Liu, Yu and Oerlemans, Ard and Lao, Songyang and Wu, Song and Lew, Michael S.},
    volume = {187},
    isbn = {0925-2312},
    doi = {10.1016/j.neucom.2015.09.116},
    issn = {18728286}
}

@article{Gawehn2016DeepDiscovery,
    title = {{Deep Learning in Drug Discovery}},
    year = {2016},
    journal = {Molecular Informatics},
    author = {Gawehn, Erik and Hiss, Jan A. and Schneider, Gisbert},
    number = {1},
    month = {1},
    pages = {3--14},
    volume = {35},
    url = {http://doi.wiley.com/10.1002/minf.201501008},
    isbn = {9780521835688},
    doi = {10.1002/minf.201501008},
    issn = {18681743},
    pmid = {27007977},
    arxivId = {arXiv:1312.6184v5}
}

@misc{Schmidhuber2015DeepOverview,
    title = {{Deep Learning in neural networks: An overview}},
    year = {2015},
    booktitle = {Neural Networks},
    author = {Schmidhuber, Jürgen},
    volume = {61},
    isbn = {0893-6080},
    doi = {10.1016/j.neunet.2014.09.003},
    issn = {18792782},
    pmid = {25462637},
    arxivId = {1404.7828}
}

@article{Hoffman2016DevelopingCPIC,
    title = {{Developing knowledge resources to support precision medicine: principles from the Clinical Pharmacogenetics Implementation Consortium (CPIC)}},
    year = {2016},
    journal = {Journal of the American Medical Informatics Association},
    author = {Hoffman, James M and Dunnenberger, Henry M and Kevin Hicks, J and Caudle, Kelly E and Whirl Carrillo, Michelle and Freimuth, Robert R and Williams, Marc S and Klein, Teri E and Peterson, Josh F},
    number = {4},
    month = {7},
    pages = {796--801},
    volume = {23},
    publisher = {Oxford University Press},
    url = {https://academic.oup.com/jamia/article-lookup/doi/10.1093/jamia/ocw027},
    doi = {10.1093/jamia/ocw027},
    issn = {1067-5027}
}

@article{Bell2014DevelopmentPharmacogenomics,
    title = {{Development and use of active clinical decision support for preemptive pharmacogenomics}},
    year = {2014},
    journal = {Journal of the American Medical Informatics Association},
    author = {Bell, Gillian C and Crews, Kristine R and Wilkinson, Mark R and Haidar, Cyrine E and Hicks, J Kevin and Baker, Donald K and Kornegay, Nancy M and Yang, Wenjian and Cross, Shane J and Howard, Scott C and Freimuth, Robert R and Evans, William E and Broeckel, Ulrich and Relling, Mary V and Hoffman, James M},
    number = {e1},
    month = {2},
    pages = {e93-e99},
    volume = {21},
    url = {https://academic.oup.com/jamia/article-lookup/doi/10.1136/amiajnl-2013-001993},
    doi = {10.1136/amiajnl-2013-001993},
    issn = {1067-5027}
}

@article{Leaman2013DNorm:Rank.,
    title = {{DNorm: disease name normalization with pairwise learning to rank.}},
    year = {2013},
    journal = {Bioinformatics (Oxford, England)},
    author = {Leaman, Robert and Islamaj Dogan, Rezarta and Lu, Zhiyong},
    number = {22},
    month = {11},
    pages = {2909--17},
    volume = {29},
    publisher = {Oxford University Press},
    url = {http://www.ncbi.nlm.nih.gov/pubmed/23969135 http://www.pubmedcentral.nih.gov/articlerender.fcgi?artid=PMC3810844},
    doi = {10.1093/bioinformatics/btt474},
    issn = {1367-4811},
    pmid = {23969135}
}

@article{Mikolov2013EfficientSpace,
    title = {{Efficient Estimation of Word Representations in Vector Space}},
    year = {2013},
    author = {Mikolov, Tomas and Chen, Kai and Corrado, Greg and Dean, Jeffrey},
    month = {1},
    url = {http://arxiv.org/abs/1301.3781},
    arxivId = {1301.3781}
}

@article{Hariharan2012EfficientLearning,
    title = {{Efficient max-margin multi-label classification with applications to zero-shot learning}},
    year = {2012},
    journal = {Mach Learn},
    author = {Hariharan, Bharath and Vishwanathan, SVN and Varma, Manik and Tsoumakas, Grigorios and Zhang, Min-Ling and Zhou Hariharan, Zhi-Hua B and Varma, M},
    pages = {127--155},
    volume = {88},
    doi = {10.1007/s10994-012-5291-x},
    keywords = {Multi-label classification {\textperiodcentered}, Zero-shot learning {\textperiodcentered}}
}

@article{Yeniterzi2009EnzyMiner:Abstracts,
    title = {{EnzyMiner: automatic identification of protein level mutations and their impact on target enzymes from PubMed abstracts}},
    year = {2009},
    journal = {BMC Bioinformatics},
    author = {Yeniterzi, Süveyda and Sezerman, Uğur},
    number = {Suppl 8},
    pages = {S2},
    volume = {10},
    url = {http://www.biomedcentral.com/1471-2105/10/S8/S2},
    doi = {10.1186/1471-2105-10-S8-S2},
    issn = {1471-2105}
}

@article{Valiant2013EstimatingProperties,
    title = {{Estimating the unseen: improved estimators for entropy and other properties}},
    year = {2013},
    journal = {Advances in Neural Information Processing Systems},
    author = {Valiant, Paul and Valiant, Gregory},
    issn = {10495258}
}

@inproceedings{Akata2015EvaluationClassification,
    title = {{Evaluation of output embeddings for fine-grained image classification}},
    year = {2015},
    booktitle = {2015 IEEE Conference on Computer Vision and Pattern Recognition (CVPR)},
    author = {Akata, Zeynep and Reed, Scott and Walter, Daniel and {Honglak Lee} and Schiele, Bernt},
    month = {6},
    pages = {2927--2936},
    publisher = {IEEE},
    url = {http://arxiv.org/abs/1409.8403 http://dx.doi.org/10.1109/CVPR.2015.7298911 http://ieeexplore.ieee.org/document/7298911/},
    isbn = {978-1-4673-6964-0},
    doi = {10.1109/CVPR.2015.7298911},
    arxivId = {1409.8403}
}

@article{Kiritchenko2010ExaCT:Publications,
    title = {{ExaCT: automatic extraction of clinical trial characteristics from journal publications}},
    year = {2010},
    journal = {BMC Medical Informatics and Decision Making},
    author = {Kiritchenko, Svetlana and de Bruijn, Berry and Carini, Simona and Martin, Joel and Sim, Ida},
    number = {1},
    month = {12},
    pages = {56},
    volume = {10},
    publisher = {BioMed Central},
    url = {http://bmcmedinformdecismak.biomedcentral.com/articles/10.1186/1472-6947-10-56},
    doi = {10.1186/1472-6947-10-56},
    issn = {1472-6947},
    keywords = {Health Informatics, Information Systems and Communication Service, Management of Computing and Information Systems}
}

@article{Gan2015ExploringRecognition,
    title = {{Exploring Semantic Inter-Class Relationships ( SIR ) for Zero-Shot Action Recognition}},
    year = {2015},
    journal = {Aaai},
    author = {Gan, Chuang and Lin, Ming and Yang, Yi and Zhuang, Yueting and Hauptmann, Alexander G},
    isbn = {9781577357032}
}

@article{Bravo2015ExtractionResearch,
    title = {{Extraction of relations between genes and diseases from text and large-scale data analysis: implications for translational research}},
    year = {2015},
    journal = {BMC Bioinformatics},
    author = {Bravo, Àlex and Pi{\~{n}}ero, Janet and Queralt-Rosinach, Núria and Rautschka, Michael and Furlong, Laura I},
    number = {1},
    month = {12},
    pages = {55},
    volume = {16},
    url = {http://www.ncbi.nlm.nih.gov/pubmed/25886734 http://www.pubmedcentral.nih.gov/articlerender.fcgi?artid=PMC4466840 http://bmcbioinformatics.biomedcentral.com/articles/10.1186/s12859-015-0472-9},
    doi = {10.1186/s12859-015-0472-9},
    issn = {1471-2105},
    pmid = {25886734}
}

@inproceedings{Long2017FromSynthesis,
    title = {{From zero-shot learning to conventional supervised classification: Unseen visual data synthesis}},
    year = {2017},
    booktitle = {Proceedings - 30th IEEE Conference on Computer Vision and Pattern Recognition, CVPR 2017},
    author = {Long, Yang and Liu, Li and Shao, Ling and Shen, Fumin and Ding, Guiguang and Han, Jungong},
    isbn = {9781538604571},
    doi = {10.1109/CVPR.2017.653},
    arxivId = {1705.01782}
}

@inproceedings{Long2017FromSynthesisb,
    title = {{From Zero-Shot Learning to Conventional Supervised Classification: Unseen Visual Data Synthesis}},
    year = {2017},
    booktitle = {2017 IEEE Conference on Computer Vision and Pattern Recognition (CVPR)},
    author = {Long, Yang and Liu, Li and Shao, Ling and Shen, Fumin and Ding, Guiguang and Han, Jungong},
    month = {7},
    pages = {6165--6174},
    volume = {2017-January},
    publisher = {IEEE},
    url = {http://ieeexplore.ieee.org/document/8100136/},
    isbn = {978-1-5386-0457-1},
    doi = {10.1109/CVPR.2017.653}
}

@article{Full-text,
    title = {{full-text}}
}

@article{Jung2015FunctionalTasks.,
    title = {{Functional evaluation of out-of-the-box text-mining tools for data-mining tasks.}},
    year = {2015},
    journal = {Journal of the American Medical Informatics Association : JAMIA},
    author = {Jung, Kenneth and LePendu, Paea and Iyer, Srinivasan and Bauer-Mehren, Anna and Percha, Bethany and Shah, Nigam H},
    number = {1},
    volume = {22},
    isbn = {1527-974X (Electronic){\textbackslash}r1067-5027 (Linking)},
    doi = {10.1136/amiajnl-2014-002902},
    issn = {1527-974X},
    pmid = {25336595}
}

@article{Huang2011GeneTUKit:Normalization.,
    title = {{GeneTUKit: a software for document-level gene normalization.}},
    year = {2011},
    journal = {Bioinformatics (Oxford, England)},
    author = {Huang, Minlie and Liu, Jingchen and Zhu, Xiaoyan},
    number = {7},
    month = {4},
    pages = {1032--3},
    volume = {27},
    publisher = {Oxford University Press},
    url = {http://www.ncbi.nlm.nih.gov/pubmed/21303863 http://www.pubmedcentral.nih.gov/articlerender.fcgi?artid=PMC3065680},
    doi = {10.1093/bioinformatics/btr042},
    issn = {1367-4811},
    pmid = {21303863}
}

@article{Wei2015GNormPlus:Domains,
    title = {{GNormPlus: An Integrative Approach for Tagging Genes, Gene Families, and Protein Domains}},
    year = {2015},
    journal = {BioMed Research International},
    author = {Wei, Chih-Hsuan and Kao, Hung-Yu and Lu, Zhiyong},
    month = {8},
    pages = {1--7},
    volume = {2015},
    publisher = {Hindawi},
    url = {http://www.hindawi.com/journals/bmri/2015/918710/},
    doi = {10.1155/2015/918710},
    issn = {2314-6133}
}

@article{Pachori2018HashingAdaptation,
    title = {{Hashing in the zero shot framework with domain adaptation}},
    year = {2018},
    journal = {Neurocomputing},
    author = {Pachori, Shubham and Deshpande, Ameya and Raman, Shanmuganathan},
    month = {1},
    pages = {2137--2149},
    volume = {275},
    publisher = {Elsevier B.V.},
    url = {http://linkinghub.elsevier.com/retrieve/pii/S0925231217317125},
    isbn = {9781509053568},
    doi = {10.1016/j.neucom.2017.10.061},
    issn = {09252312}
}

@article{Hu2012IntegratingNormalization,
    title = {{Integrating Various Resources for Gene Name Normalization}},
    year = {2012},
    journal = {PLoS ONE},
    author = {Hu, Yuncui and Li, Yanpeng and Lin, Hongfei and Yang, Zhihao and Cheng, Liangxi},
    editor = {Flower, Darren R.},
    number = {9},
    month = {9},
    pages = {e43558},
    volume = {7},
    publisher = {Public Library of Science},
    url = {http://dx.plos.org/10.1371/journal.pone.0043558},
    doi = {10.1371/journal.pone.0043558},
    issn = {1932-6203}
}

@article{Gligorijevic2016Large-ScaleAssociations.,
    title = {{Large-Scale Discovery of Disease-Disease and Disease-Gene Associations.}},
    year = {2016},
    journal = {Scientific reports},
    author = {Gligorijevic, Djordje and Stojanovic, Jelena and Djuric, Nemanja and Radosavljevic, Vladan and Grbovic, Mihajlo and Kulathinal, Rob J and Obradovic, Zoran},
    number = {April},
    volume = {6},
    doi = {10.1038/srep32404},
    issn = {2045-2322},
    pmid = {27578529}
}

@article{VanLandeghem2013Large-ScaleNormalization,
    title = {{Large-Scale Event Extraction from Literature with Multi-Level Gene Normalization}},
    year = {2013},
    journal = {PLoS ONE},
    author = {Van Landeghem, Sofie and Bj{\"{o}}rne, Jari and Wei, Chih-Hsuan and Hakala, Kai and Pyysalo, Sampo and Ananiadou, Sophia and Kao, Hung-Yu and Lu, Zhiyong and Salakoski, Tapio and Van de Peer, Yves and Ginter, Filip},
    editor = {Aerts, Stein},
    number = {4},
    month = {4},
    pages = {e55814},
    volume = {8},
    url = {http://dx.plos.org/10.1371/journal.pone.0055814},
    doi = {10.1371/journal.pone.0055814},
    issn = {1932-6203}
}

@article{Mallory2016Large-scaleDeepDive.,
    title = {{Large-scale extraction of gene interactions from full-text literature using DeepDive.}},
    year = {2016},
    journal = {Bioinformatics (Oxford, England)},
    author = {Mallory, Emily K and Zhang, Ce and R{\'{e}}, Christopher and Altman, Russ B},
    number = {1},
    month = {1},
    pages = {106--13},
    volume = {32},
    publisher = {Oxford University Press},
    url = {https://academic.oup.com/bioinformatics/article-lookup/doi/10.1093/bioinformatics/btv476 http://www.ncbi.nlm.nih.gov/pubmed/26338771 http://www.pubmedcentral.nih.gov/articlerender.fcgi?artid=PMC4681986},
    isbn = {13674811 (Electronic)},
    doi = {10.1093/bioinformatics/btv476},
    issn = {1367-4811},
    pmid = {26338771}
}

@article{Y.XianX.AkataG.SharmaQ.NguyenM.Hein2016LatentClassification,
    title = {{Latent Embeddings for Zero-shot Classification}},
    year = {2016},
    journal = {Cvpr},
    author = {Y. Xian, X. Akata, G. Sharma, Q. Nguyen, M. Hein, B. Schiele},
    isbn = {9781467388511},
    doi = {10.1109/CVPR.2016.15},
    issn = {10636919},
    arxivId = {1603.08895}
}

@inproceedings{Zhang2017LearningLearning,
    title = {{Learning a Deep Embedding Model for Zero-Shot Learning}},
    year = {2017},
    booktitle = {2017 IEEE Conference on Computer Vision and Pattern Recognition (CVPR)},
    author = {Zhang, Li and Xiang, Tao and Gong, Shaogang},
    month = {7},
    pages = {3010--3019},
    volume = {2017-January},
    publisher = {IEEE},
    url = {http://ieeexplore.ieee.org/document/8099804/},
    isbn = {978-1-5386-0457-1},
    doi = {10.1109/CVPR.2017.321},
    issn = {1611.05088}
}

@article{Chen2013LearningVectors,
    title = {{Learning New Facts From Knowledge Bases With Neural Tensor Networks and Semantic Word Vectors}},
    year = {2013},
    journal = {Proceedings of the Advances in Neural Information Processing Systems 26 (NIPS 2013)},
    author = {Chen, Danqi and Socher, Richard and Manning, Christopher D. and Ng, Andrew Y.},
    month = {1},
    pages = {1--10},
    url = {http://arxiv.org/abs/1301.3618},
    issn = {10495258},
    arxivId = {1301.3618}
}

@article{Gerner2010LINNAEUS:Literature,
    title = {{LINNAEUS: A species name identification system for biomedical literature}},
    year = {2010},
    journal = {BMC Bioinformatics},
    author = {Gerner, Martin and Nenadic, Goran and Bergman, Casey M},
    number = {1},
    pages = {85},
    volume = {11},
    url = {http://bmcbioinformatics.biomedcentral.com/articles/10.1186/1471-2105-11-85},
    doi = {10.1186/1471-2105-11-85},
    issn = {1471-2105}
}

@article{Deo2015MachineMedicine,
    title = {{Machine Learning in Medicine}},
    year = {2015},
    journal = {Circulation},
    author = {Deo, R. C.},
    number = {20},
    month = {11},
    pages = {1920--1930},
    volume = {132},
    url = {http://arxiv.org/abs/1011.1669 http://dx.doi.org/10.1088/1751-8113/44/8/085201 http://stacks.iop.org/1751-8121/44/i=8/a=085201?key=crossref.abc74c979a75846b3de48a5587bf708f http://circ.ahajournals.org/cgi/doi/10.1161/CIRCULATIONAHA.115.001593},
    isbn = {9789400758230},
    doi = {10.1161/CIRCULATIONAHA.115.001593},
    issn = {0009-7322},
    pmid = {26572668},
    arxivId = {1011.1669},
    keywords = {artificial intelligence, computers, prognosis, risk factors, statistics}
}

@article{VinyalsMatchingLearning,
    title = {{Matching Networks for One Shot Learning}},
    author = {Vinyals, Oriol and Deepmind, Google and Blundell, Charles and Lillicrap, Timothy and Kavukcuoglu, Koray and Wierstra, Daan},
    url = {http://papers.nips.cc/paper/6385-matching-networks-for-one-shot-learning.pdf}
}

@inproceedings{Xu2017MatrixLearning,
    title = {{Matrix Tri-Factorization with Manifold Regularizations for Zero-Shot Learning}},
    year = {2017},
    booktitle = {2017 IEEE Conference on Computer Vision and Pattern Recognition (CVPR)},
    author = {Xu, Xing and Shen, Fumin and Yang, Yang and Zhang, Dongxiang and Shen, Heng Tao and Song, Jingkuan},
    month = {7},
    pages = {2007--2016},
    volume = {2017-January},
    publisher = {IEEE},
    url = {http://ieeexplore.ieee.org/document/8099700/},
    isbn = {978-1-5386-0457-1},
    doi = {10.1109/CVPR.2017.217}
}

@article{Akata2016Multi-CueSupervision,
    title = {{Multi-Cue Zero-Shot Learning with Strong Supervision}},
    year = {2016},
    journal = {CVPR'16},
    author = {Akata, Zeynep and Malinowski, Mateusz and Fritz, Mario and Schiele, Bernt},
    isbn = {9781467388511},
    doi = {10.1109/CVPR.2016.14},
    issn = {10636919},
    arxivId = {1603.08754}
}

@inproceedings{Seva2017Multi-lingual2017,
    title = {{Multi-lingual ICD-10 coding using a hybrid rule-based and supervised classification approach at CLEF eHealth 2017}},
    year = {2017},
    booktitle = {CEUR Workshop Proceedings},
    author = {{\v{S}}eva, J. and Kittner, M. and Roller, R. and Leser, U.},
    number = {},
    volume = {1866},
    issn = {16130073},
    keywords = {Hierarchical document classification, ICD-10 codes, Language-independent information extraction, Language-independent information retrieval, Multilingual candidates ranking, Named Entity Recognition}
}

@inproceedings{Zhang2011Multi-TaskSpaces,
    title = {{Multi-Task Learning in Heterogeneous Feature Spaces}},
    year = {2011},
    booktitle = {AAAI},
    author = {Zhang, Yu and Yeung, D.Y.},
    pages = {1},
    volume = {1},
    url = {https://www.aaai.org/ocs/index.php/AAAI/AAAI11/paper/viewFile/3607/3890 http://www.aaai.org/ocs/index.php/AAAI/AAAI11/paper/download/3607/3890},
    isbn = {9781577355083},
    keywords = {Machine Learning}
}

@article{Mourao2015MultimodalFusion,
    title = {{Multimodal medical information retrieval with unsupervised rank fusion}},
    year = {2015},
    journal = {Computerized Medical Imaging and Graphics},
    author = {Mour{\~{a}}o, André and Martins, Flávio and Magalh{\~{a}}es, João},
    volume = {39},
    doi = {10.1016/j.compmedimag.2014.05.006},
    issn = {18790771},
    pmid = {24909951}
}

@article{Doan2014NCBINormalization,
    title = {{NCBI disease corpus: A resource for disease name recognition and concept normalization}},
    year = {2014},
    journal = {Journal of Biomedical Informatics},
    author = {Do??an, Rezarta Islamaj and Leaman, Robert and Lu, Zhiyong},
    volume = {47},
    isbn = {1532-0480 (Electronic){\textbackslash}r1532-0464 (Linking)},
    doi = {10.1016/j.jbi.2013.12.006},
    issn = {15320464},
    pmid = {24393765}
}

@article{Lample2016NeuralRecognition,
    title = {{Neural Architectures for Named Entity Recognition}},
    year = {2016},
    author = {Lample, Guillaume and Ballesteros, Miguel and Subramanian, Sandeep and Kawakami, Kazuya and Dyer, Chris},
    isbn = {9781941643914},
    doi = {10.18653/v1/N16-1030},
    issn = {1045-9227},
    pmid = {18244602},
    arxivId = {1603.01360}
}

@article{DilekOnal2018NeuralYears,
    title = {{Neural information retrieval: at the end of the early years}},
    year = {2018},
    journal = {Information Retrieval Journal},
    author = {Dilek Onal, Kezban and Ye Zhang, Bullet and Ismail Sengor Altingovde, Bullet and Mustafizur Rahman, Md and Pinar Karagoz, Bullet and Alex Braylan, Bullet and Brandon Dang, Bullet and Heng-Lu Chang, Bullet and Henna Kim, Bullet and Quinten McNamara, Bullet and Lease, Matthew and Zhang, Ye and Sengor Altingovde, Ismail and Karagoz, Pinar and Braylan, Alex and Dang, Brandon and Chang, Heng-Lu and Kim, Henna and McNamara, Quinten},
    pages = {111--182},
    volume = {21},
    url = {https://doi.org/10.1007/s10791-017-9321-y},
    doi = {10.1007/s10791-017-9321-y},
    keywords = {Deep learning, Distributed representation, Neural network, Recurrent neural network, Search engine, Semantic compositionality, Semantic matching, Word embedding}
}

@article{Hettne2013Next-generationData.,
    title = {{Next-generation text-mining mediated generation of chemical response-specific gene sets for interpretation of gene expression data.}},
    year = {2013},
    journal = {BMC medical genomics},
    author = {Hettne, Kristina M and Boorsma, Andre and van Dartel, Dorien A and Goeman, Jelle J and de Jong, Esther and Piersma, Aldert H and Stierum, Rob H and Kleinjans, Jos C and Kors, Jan A},
    number = {1},
    volume = {6},
    isbn = {1755-8794 (Electronic){\textbackslash}r1755-8794 (Linking)},
    doi = {10.1186/1755-8794-6-2},
    issn = {1755-8794},
    pmid = {23356878}
}

@article{Dai2016NTTMUNSWMentions.,
    title = {{NTTMUNSW BioC modules for recognizing and normalizing species and gene/protein mentions.}},
    year = {2016},
    journal = {Database : the journal of biological databases and curation},
    author = {Dai, Hong-Jie and Singh, Onkar and Jonnagaddala, Jitendra and Su, Emily Chia-Yu},
    volume = {2016},
    publisher = {Oxford University Press},
    url = {http://www.ncbi.nlm.nih.gov/pubmed/27465130 http://www.pubmedcentral.nih.gov/articlerender.fcgi?artid=PMC4962763},
    doi = {10.1093/database/baw111},
    issn = {1758-0463},
    pmid = {27465130}
}

@article{Rezende2016One-ShotModels,
    title = {{One-Shot Generalization in Deep Generative Models}},
    year = {2016},
    author = {Rezende, Danilo Jimenez and Mohamed, Shakir and Danihelka, Ivo and Gregor, Karol and Wierstra, Daan},
    isbn = {9781510829008},
    issn = {10727515},
    pmid = {9404875},
    arxivId = {1603.05106}
}

@article{Rezende2016One-ShotModelsb,
    title = {{One-Shot Generalization in Deep Generative Models}},
    year = {2016},
    journal = {Journal of the American College of Surgeons},
    author = {Rezende, Danilo Jimenez and Mohamed, Shakir and Danihelka, Ivo and Gregor, Karol and Wierstra, Daan},
    number = {6},
    month = {3},
    pages = {530--533},
    volume = {185},
    url = {http://proceedings.mlr.press/v48/rezende16.pdf http://arxiv.org/abs/1603.05106},
    isbn = {9781510829008},
    issn = {10727515},
    pmid = {9404875},
    arxivId = {1603.05106}
}

@article{Santoro2016One-shotNetworks,
    title = {{One-shot Learning with Memory-Augmented Neural Networks}},
    year = {2016},
    author = {Santoro, Adam and Bartunov, Sergey and Botvinick, Matthew and Wierstra, Daan and Lillicrap, Timothy},
    month = {5},
    url = {http://arxiv.org/abs/1605.06065},
    arxivId = {1605.06065}
}

@article{eva2015OpenResources,
    title = {{Open Directory Project based universal taxonomy for Personalization of Online (Re)sources}},
    year = {2015},
    journal = {Expert Systems with Applications},
    author = {?eva, J. and Schatten, M. and Grd, P.},
    number = {17-18},
    volume = {42},
    doi = {10.1016/j.eswa.2015.04.033},
    issn = {09574174},
    keywords = {[Automatic content classification, Automatic conte}
}

@article{Morgan2008OverviewNormalization.,
    title = {{Overview of BioCreative II gene normalization.}},
    year = {2008},
    journal = {Genome biology},
    author = {Morgan, Alexander A and Lu, Zhiyong and Wang, Xinglong and Cohen, Aaron M and Fluck, Juliane and Ruch, Patrick and Divoli, Anna and Fundel, Katrin and Leaman, Robert and Hakenberg, Jörg and Sun, Chengjie and Liu, Heng-hui and Torres, Rafael and Krauthammer, Michael and Lau, William W and Liu, Hongfang and Hsu, Chun-Nan and Schuemie, Martijn and Cohen, K Bretonnel and Hirschman, Lynette},
    number = {Suppl 2},
    pages = {S3},
    volume = {9 Suppl 2},
    publisher = {BioMed Central},
    url = {http://www.ncbi.nlm.nih.gov/pubmed/18834494 http://www.pubmedcentral.nih.gov/articlerender.fcgi?artid=PMC2559987},
    doi = {10.1186/gb-2008-9-s2-s3},
    issn = {1474-760X},
    pmid = {18834494}
}

@article{Ding2015PGenNLiterature.,
    title = {{pGenN, a gene normalization tool for plant genes and proteins in scientific literature.}},
    year = {2015},
    journal = {PloS one},
    author = {Ding, Ruoyao and Arighi, Cecilia N and Lee, Jung-Youn and Wu, Cathy H and Vijay-Shanker, K},
    number = {8},
    pages = {e0135305},
    volume = {10},
    publisher = {Public Library of Science},
    url = {http://www.ncbi.nlm.nih.gov/pubmed/26258475 http://www.pubmedcentral.nih.gov/articlerender.fcgi?artid=PMC4530884},
    doi = {10.1371/journal.pone.0135305},
    issn = {1932-6203},
    pmid = {26258475}
}

@article{Song2015PKDE4J:Discovery,
    title = {{PKDE4J: Entity and relation extraction for public knowledge discovery}},
    year = {2015},
    journal = {Journal of Biomedical Informatics},
    author = {Song, Min and Kim, Won Chul and Lee, Dahee and Heo, Go Eun and Kang, Keun Young},
    month = {10},
    pages = {320--332},
    volume = {57},
    url = {http://www.ncbi.nlm.nih.gov/pubmed/26277115 http://linkinghub.elsevier.com/retrieve/pii/S1532046415001756},
    doi = {10.1016/j.jbi.2015.08.008},
    issn = {15320464},
    pmid = {26277115},
    keywords = {Information extraction, Named entity recognition, Relation extraction, Text mining}
}

@misc{Uzuner2015PracticalTasks,
    title = {{Practical applications for natural language processing in clinical research: The 2014 i2b2/UTHealth shared tasks}},
    year = {2015},
    booktitle = {Journal of Biomedical Informatics},
    author = {Uzuner, Özlem and Stubbs, Amber},
    volume = {58},
    doi = {10.1016/j.jbi.2015.10.007},
    issn = {15320464},
    pmid = {26515500}
}

@article{Frey2016PrecisionInformatics,
    title = {{Precision medicine informatics}},
    year = {2016},
    journal = {Journal of the American Medical Informatics Association},
    author = {Frey, Lewis J. and Bernstam, Elmer V. and Denny, Joshua C.},
    number = {4},
    pages = {668--670},
    volume = {23},
    doi = {10.1093/jamia/ocw053},
    issn = {1527974X},
    pmid = {27274018}
}

@article{Jameson2015PrecisionPromising,
    title = {{Precision Medicine — Personalized, Problematic, and Promising}},
    year = {2015},
    journal = {New England Journal of Medicine},
    author = {Jameson, J. Larry and Longo, Dan L.},
    number = {23},
    month = {6},
    pages = {2229--2234},
    volume = {372},
    url = {http://www.nejm.org/doi/10.1056/NEJMsb1503104},
    doi = {10.1056/NEJMsb1503104},
    issn = {0028-4793}
}

@misc{Singhal2016PressingChallenges,
    title = {{Pressing needs of biomedical text mining in biocuration and beyond: Opportunities and challenges}},
    year = {2016},
    booktitle = {Database},
    author = {Singhal, Ayush and Leaman, Robert and Catlett, Natalie and Lemberger, Thomas and McEntyre, Johanna and Polson, Shawn and Xenarios, Ioannis and Arighi, Cecilia and Lu, Zhiyong},
    isbn = {17580463 (Electronic)},
    doi = {10.1093/database/baw161},
    issn = {17580463},
    pmid = {28025348}
}

@article{Singhal2016PressingChallengesb,
    title = {{Pressing needs of biomedical text mining in biocuration and beyond: opportunities and challenges}},
    year = {2016},
    journal = {Database},
    author = {Singhal, Ayush and Leaman, Robert and Catlett, Natalie and Lemberger, Thomas and McEntyre, Johanna and Polson, Shawn and Xenarios, Ioannis and Arighi, Cecilia and Lu, Zhiyong},
    number = {0},
    month = {12},
    pages = {baw161},
    volume = {2016},
    publisher = {Oxford University Press},
    url = {https://academic.oup.com/database/article-lookup/doi/10.1093/database/baw161},
    doi = {10.1093/database/baw161},
    issn = {1758-0463}
}

@article{SchattenProceedingsSystems,
    title = {{Proceedings of the 20th Central European Conference on Information and Intelligent Systems Dynamic Queries in Semantic Wiki Systems}},
    author = {Schatten, Markus},
    keywords = {dynamic queries, frame logic, semantic wiki, taopis}
}

@article{Wei2013PubTator:Biocuration,
    title = {{PubTator: a web-based text mining tool for assisting biocuration}},
    year = {2013},
    journal = {Nucleic Acids Research},
    author = {Wei, C.-H. and Kao, H.-Y. and Lu, Z.},
    number = {W1},
    month = {7},
    pages = {W518-W522},
    volume = {41},
    url = {https://academic.oup.com/nar/article-lookup/doi/10.1093/nar/gkt441},
    doi = {10.1093/nar/gkt441},
    issn = {0305-1048}
}

@article{Gonzalez2016RecentDiscovery,
    title = {{Recent advances and emerging applications in text and data mining for biomedical discovery}},
    year = {2016},
    journal = {Briefings in Bioinformatics},
    author = {Gonzalez, Graciela H. and Tahsin, Tasnia and Goodale, Britton C. and Greene, Anna C. and Greene, Casey S.},
    number = {1},
    volume = {17},
    isbn = {14774054 (Electronic)},
    doi = {10.1093/bib/bbv087},
    issn = {14774054},
    pmid = {26420781}
}

@article{Young2017RecentProcessing,
    title = {{Recent Trends in Deep Learning Based Natural Language Processing}},
    year = {2017},
    author = {Young, Tom and Hazarika, Devamanyu and Poria, Soujanya and Cambria, Erik},
    url = {https://arxiv.org/pdf/1708.02709.pdf http://arxiv.org/abs/1708.02709},
    arxivId = {1708.02709},
    keywords = {Deep Learning, Index Terms—Natural Language Processing}
}

@inproceedings{Al-Halah2016RecoveringLearning,
    title = {{Recovering the Missing Link: Predicting Class-Attribute Associations for Unsupervised Zero-Shot Learning}},
    year = {2016},
    booktitle = {CVPR},
    author = {Al-Halah, Ziad and Tapaswi, Makarand and Stiefelhagen, Rainer},
    isbn = {9781467388511},
    doi = {10.1109/CVPR.2016.643},
    issn = {10636919},
    pmid = {related:hHkIVB7x6gAJ},
    arxivId = {1610.04787}
}

@article{Torii2014RLIMS-P:Information,
    title = {{RLIMS-P: an online text-mining tool for literature-based extraction of protein phosphorylation information}},
    year = {2014},
    journal = {Database},
    author = {Torii, Manabu and Li, Gang and Li, Zhiwen and Oughtred, Rose and Diella, Francesca and Elen, Irem Ç and Arighi, Cecilia N and Huang, Hongzhan and Vijay-Shanker, K and Wu, Cathy H},
    volume = {2014},
    doi = {10.1093/database/bau081}
}

@inproceedings{Kodirov2017SemanticLearning,
    title = {{Semantic Autoencoder for Zero-Shot Learning}},
    year = {2017},
    booktitle = {2017 IEEE Conference on Computer Vision and Pattern Recognition (CVPR)},
    author = {Kodirov, Elyor and Xiang, Tao and Gong, Shaogang},
    month = {7},
    pages = {4447--4456},
    volume = {2017-January},
    publisher = {IEEE},
    url = {http://ieeexplore.ieee.org/document/8099956/},
    isbn = {978-1-5386-0457-1},
    doi = {10.1109/CVPR.2017.473}
}

@book{Segura-Bedmar2013Semeval-20139:,
    title = {{Semeval-2013 task 9:}},
    year = {2013},
    booktitle = {Proceedings of Semeval},
    author = {Segura-Bedmar, Isabel and Martinez, P and Herrero-Zazo, Maria},
    number = {SemEval},
    pages = {Many},
    volume = {2},
    url = {http://anthology.aclweb.org/S/S13/S13-2.pdf#page=531%5Cnhttp://www.aclweb.org/website/old_anthology/S/S13/S13-2.pdf#page=526%5Cnhttp://www.aclweb.org/anthology/S13-2#page=438%5Cnhttp://www.aclweb.org/anthology/S13-2078%5Cnhttp://www.aclweb.org/old_antholo},
    isbn = {9781937284480},
    doi = {10.1.1.310.783}
}

@article{Roberts2016State-of-the-artTrack,
    title = {{State-of-the-art in biomedical literature retrieval for clinical cases: a survey of the TREC 2014 CDS track}},
    year = {2016},
    journal = {Information Retrieval},
    author = {Roberts, Kirk and Simpson, Matthew and Demner-Fushman, Dina and Voorhees, Ellen and Hersh, William},
    number = {1-2},
    volume = {19},
    doi = {10.1007/s10791-015-9259-x},
    issn = {15737659}
}

@incollection{Simmons2016TextHealth,
    title = {{Text Mining for Precision Medicine: Bringing Structure to EHRs and Biomedical Literature to Understand Genes and Health}},
    year = {2016},
    author = {Simmons, Michael and Singhal, Ayush and Lu, Zhiyong},
    pages = {139--166},
    publisher = {Springer, Singapore},
    url = {http://link.springer.com/10.1007/978-981-10-1503-8_7},
    doi = {10.1007/978-981-10-1503-8{\_}7}
}

@misc{Przybyla2016TextSciences,
    title = {{Text mining resources for the life sciences}},
    year = {2016},
    booktitle = {Database},
    author = {Przybyla, Piotr and Shardlow, Matthew and Aubin, Sophie and Bossy, Robert and De Castilho, Richard Eckart and Piperidis, Stelios and McNaught, John and Ananiadou, Sophia},
    isbn = {2076792171},
    doi = {10.1093/database/baw145},
    issn = {17580463},
    pmid = {27888231},
    arxivId = {1611.06654}
}

@article{IslamajDogan2017TheInteractions,
    title = {{The BioC-BioGRID corpus: full text articles annotated for curation of protein–protein and genetic interactions}},
    year = {2017},
    journal = {Database},
    author = {Islamaj Do{\u{g}}an, Rezarta and Kim, Sun and Chatr-aryamontri, Andrew and Chang, Christie S. and Oughtred, Rose and Rust, Jennifer and Wilbur, W. John and Comeau, Donald C. and Dolinski, Kara and Tyers, Mike},
    month = {1},
    pages = {baw147},
    volume = {2017},
    publisher = {Oxford University Press},
    url = {https://academic.oup.com/database/article-lookup/doi/10.1093/database/baw147},
    doi = {10.1093/database/baw147},
    issn = {1758-0463}
}

@article{Lu2011TheIII,
    title = {{The gene normalization task in BioCreative III}},
    year = {2011},
    journal = {BMC Bioinformatics},
    author = {Lu, Zhiyong and Kao, Hung-Yu and Wei, Chih-Hsuan and Huang, Minlie and Liu, Jingchen and Kuo, Cheng-Ju and Hsu, Chun-Nan and Tsai, Richard and Dai, Hong-Jie and Okazaki, Naoaki and Cho, Han-Cheol and Gerner, Martin and Solt, Illes and Agarwal, Shashank and Liu, Feifan and Vishnyakova, Dina and Ruch, Patrick and Romacker, Martin and Rinaldi, Fabio and Bhattacharya, Sanmitra and Srinivasan, Padmini and Liu, Hongfang and Torii, Manabu and Matos, Sergio and Campos, David and Verspoor, Karin and Livingston, Kevin M and Wilbur, W},
    number = {Suppl 8},
    pages = {S2},
    volume = {12},
    url = {http://bmcbioinformatics.biomedcentral.com/articles/10.1186/1471-2105-12-S8-S2},
    doi = {10.1186/1471-2105-12-S8-S2},
    issn = {1471-2105}
}

@article{Hakenberg2011TheNormalization,
    title = {{The GNAT library for local and remote gene mention normalization}},
    year = {2011},
    journal = {Bioinformatics},
    author = {Hakenberg, Jörg and Gerner, Martin and Haeussler, Maximilian and Solt, Illés and Plake, Conrad and Schroeder, Michael and Gonzalez, Graciela and Nenadic, Goran and Bergman, Casey M},
    number = {19},
    month = {10},
    pages = {2769--2771},
    volume = {27},
    publisher = {Oxford University Press},
    url = {http://www.ncbi.nlm.nih.gov/pubmed/21813477 http://www.pubmedcentral.nih.gov/articlerender.fcgi?artid=PMC3179658 https://academic.oup.com/bioinformatics/article-lookup/doi/10.1093/bioinformatics/btr455},
    doi = {10.1093/bioinformatics/btr455},
    issn = {1367-4803},
    pmid = {21813477}
}

@article{Hall2009TheSoftware,
    title = {{The WEKA data mining software}},
    year = {2009},
    journal = {ACM SIGKDD Explorations Newsletter},
    author = {Hall, Mark and Frank, Eibe and Holmes, Geoffrey and Pfahringer, Bernhard and Reutemann, Peter and Witten, Ian H.},
    number = {1},
    month = {11},
    pages = {10},
    volume = {11},
    publisher = {BioMed Central},
    url = {http://portal.acm.org/citation.cfm?doid=1656274.1656278},
    doi = {10.1145/1656274.1656278},
    issn = {19310145},
    keywords = {Algorithms, Bioinformatics, Combinatorial Libraries, Computational Biology/Bioinformatics, Computer Appl. in Life Sciences, Data Mining and Knowledge Discovery}
}

@article{WeiTmVarMedicine,
    title = {{tmVar 2.0: integrating genomic variant information from literature with dbSNP and ClinVar for precision medicine}},
    author = {Wei, Chih-Hsuan and Phan, Lon and Feltz, Juliana and Maiti, Rama and Hefferon, Tim and Lu, Zhiyong},
    url = {https://watermark.silverchair.com/btx541.pdf?token=AQECAHi208BE49Ooan9kkhW_Ercy7Dm3ZL_9Cf3qfKAc485ysgAAAdswggHXBgkqhkiG9w0BBwagggHIMIIBxAIBADCCAb0GCSqGSIb3DQEHATAeBglghkgBZQMEAS4wEQQMudL1Cron019EfivMAgEQgIIBjhxeQ_9sWY6IQ-rYUzFcXW7Ie3Yq_unkomGX8tRBosVjj9Ky},
    doi = {10.1093/bioinformatics/btx541}
}

@article{Fu2015TransductiveLearning,
    title = {{Transductive Multi-View Zero-Shot Learning}},
    year = {2015},
    journal = {IEEE Transactions on Pattern Analysis and Machine Intelligence},
    author = {Fu, Yanwei and Hospedales, Timothy M. and Xiang, Tao and Gong, Shaogang},
    number = {11},
    volume = {37},
    isbn = {978-3-319-10604-5},
    doi = {10.1109/TPAMI.2015.2408354},
    issn = {01628828},
    pmid = {26440271},
    arxivId = {1501.0456}
}

@article{Xu2015TransductiveEmbedding,
    title = {{Transductive Zero-Shot Action Recognition by Word-Vector Embedding}},
    year = {2015},
    author = {Xu, Xun and Hospedales, Timothy and Gong, Shaogang},
    doi = {10.1007/s11263-016-0983-5},
    issn = {15731405},
    arxivId = {1511.04458}
}

@article{Feuz2015TransferFSR.,
    title = {{Transfer Learning across Feature-Rich Heterogeneous Feature Spaces via Feature-Space Remapping (FSR).}},
    year = {2015},
    journal = {ACM transactions on intelligent systems and technology},
    author = {Feuz, Kyle D and Cook, Diane J},
    number = {1},
    month = {4},
    volume = {6},
    publisher = {NIH Public Access},
    url = {http://www.ncbi.nlm.nih.gov/pubmed/27019767 http://www.pubmedcentral.nih.gov/articlerender.fcgi?artid=PMC4804893},
    doi = {10.1145/2629528},
    issn = {2157-6904},
    pmid = {27019767},
    keywords = {Activity Recognition, Domain Adaption, Heterogeneous Transfer Learning, Text Classification}
}

@article{Rohrbach2013TransferSetting,
    title = {{Transfer learning in a transductive setting}},
    year = {2013},
    journal = {Advances in neural information {\ldots}},
    author = {Rohrbach, Marcus and Ebert, Sandra and Schiele, Bernt},
    issn = {10495258}
}

@article{2015UniProt:Information,
    title = {{UniProt: a hub for protein information}},
    year = {2015},
    journal = {Nucleic Acids Research},
    number = {D1},
    month = {1},
    pages = {D204-D212},
    volume = {43},
    url = {https://academic.oup.com/nar/article-lookup/doi/10.1093/nar/gku989},
    doi = {10.1093/nar/gku989},
    issn = {0305-1048}
}

@inproceedings{Aker2016USFDBox,
    title = {{USFD at SemEval-2016 Task 1: Putting different State-of-the-Arts into a Box}},
    year = {2016},
    booktitle = {Proceedings of the 10th International Workshop on Semantic Evaluation (SemEval-2016)},
    author = {Aker, Ahmet and Blain, Frederic and Duque, Andres and Fomicheva, Marina and Seva, Jurica and Shah, Kashif and Beck, Daniel},
    pages = {609--613},
    publisher = {Association for Computational Linguistics},
    url = {http://m-mitchell.com/NAACL-2016/SemEval/pdf/SemEval94.pdf http://aclweb.org/anthology/S16-1092}
}

@inproceedings{Aker2016USFDBoxb,
    title = {{USFD at SemEval-2016 task 1: Putting different state-of-the-arts into a box}},
    year = {2016},
    booktitle = {SemEval 2016 - 10th International Workshop on Semantic Evaluation, Proceedings},
    author = {Aker, A. and Blain, F. and Duque, A. and Fomicheva, M. and Seva, J. and Shah, K. and Beck, D.},
    number = {},
    volume = {},
    isbn = {9781941643952}
}

@article{Li2016VisualizingNLP,
    title = {{Visualizing and Understanding Neural Models in NLP}},
    year = {2016},
    journal = {Naacl},
    author = {Li, Jiwei and Chen, Xinlei and Hovy, Eduard and Jurafsky, Dan},
    isbn = {9781941643914},
    doi = {10.18653/v1/N16-1082},
    arxivId = {1506.01066}
}

@article{Li2017Zero-shotStructure,
    title = {{Zero-shot classification by transferring knowledge and preserving data structure}},
    year = {2017},
    journal = {Neurocomputing},
    author = {Li, Xiao and Fang, Min and Wu, Jinqiao},
    month = {5},
    pages = {76--83},
    volume = {238},
    publisher = {Elsevier},
    url = {https://www.sciencedirect.com/science/article/pii/S092523121730111X?_rdoc=1&_fmt=high&_origin=gateway&_docanchor=&md5=b8429449ccfc9c30159a5f9aeaa92ffb&dgcid=raven_sd_recommender_email http://linkinghub.elsevier.com/retrieve/pii/S092523121730111X},
    doi = {10.1016/j.neucom.2017.01.038},
    issn = {09252312}
}

@inproceedings{Wu2014Zero-shotConcepts,
    title = {{Zero-shot event detection using multi-modal fusion of weakly supervised concepts}},
    year = {2014},
    booktitle = {Proceedings of the IEEE Computer Society Conference on Computer Vision and Pattern Recognition},
    author = {Wu, Shuang and Bondugula, Sravanthi and Luisier, Florian and Zhuang, Xiaodan and Natarajan, Pradeep},
    isbn = {9781479951178},
    doi = {10.1109/CVPR.2014.341},
    issn = {10636919}
}

@article{Norouzi2013Zero-ShotEmbeddings,
    title = {{Zero-Shot Learning by Convex Combination of Semantic Embeddings}},
    year = {2013},
    author = {Norouzi, Mohammad and Mikolov, Tomas and Bengio, Samy and Singer, Yoram and Shlens, Jonathon and Frome, Andrea and Corrado, Greg S. and Dean, Jeffrey},
    month = {12},
    url = {http://arxiv.org/abs/1312.5650},
    issn = {10495258},
    arxivId = {1312.5650}
}

@inproceedings{Akata2015Zero-ShotEmbeddings,
    title = {{Zero-Shot Learning with Structured Embeddings}},
    year = {2015},
    booktitle = {Proceedings of the IEEE Computer Society Conference on Computer Vision and Pattern Recognition},
    author = {Akata, Zeynep and Reed, Scott and Walter, Daniel and Lee, Honglak and Schiele, Bernt},
    pages = {2927--2936},
    volume = {07-12-June},
    url = {http://arxiv.org/abs/1409.8403},
    isbn = {9781467369640},
    doi = {10.1109/CVPR.2015.7298911},
    issn = {10636919},
    arxivId = {1409.8403}
}

@article{Akata2014Zero-ShotEmbeddings,
    title = {{Zero-Shot Learning with Structured Embeddings}},
    year = {2014},
    journal = {arXiv preprint arXiv:1409.8403},
    author = {Akata, Z and Lee, H and Schiele, B},
    url = {http://pubman.mpdl.mpg.de/pubman/faces/viewItemOverviewPage.jsp?itemId=escidoc:2076393}
}

@article{Jayaraman2014Zero-ShotAttributes,
    title = {{Zero-Shot Recognition with Unreliable Attributes ( Supplementary material ) Unlearnable attributes}},
    year = {2014},
    author = {Jayaraman, Dinesh and Grauman, Kristen},
    number = {5},
    pages = {1--4},
    arxivId = {arXiv:1409.4327v1}
}